%%% -*-BibTeX-*-
%%% ====================================================================
%%%  BibTeX-file{
%%%     author          = "Nelson H. F. Beebe",
%%%     version         = "1.05",
%%%     date            = "04 November 1999",
%%%     time            = "12:28:56 MST",
%%%     filename        = "maple-tech.bib",
%%%     address         = "Center for Scientific Computing
%%%                        University of Utah
%%%                        Department of Mathematics, 322 INSCC
%%%                        155 S 1400 E RM 233
%%%                        Salt Lake City, UT 84112-0090
%%%                        USA",
%%%     telephone       = "+1 801 581 5254",
%%%     FAX             = "+1 801 581 4148",
%%%     URL             = "http://www.math.utah.edu/~beebe",
%%%     checksum        = "32585 3467 11913 114427",
%%%     email           = "beebe at math.utah.edu, beebe at acm.org,
%%%                        beebe at ieee.org (Internet)",
%%%     codetable       = "ISO/ASCII",
%%%     keywords        = "BibTeX, bibliography, Maple Newsletter,
%%%                        Maple Technical Newsletter, Maple Tech
%%%                        Newsletter",
%%%     supported       = "yes",
%%%     docstring       = "This is a nearly complete bibliography of the
%%%                        Maple Newsletter (1987--1989) (no CODEN, ISSN
%%%                        1074-3790), published by Brooks/Cole
%%%                        Publishing Company (Pacific Grove, CA, USA),
%%%                        and its renamed successor, Maple Technical
%%%                        Newsletter (1991--date) (no CODEN, ISSN
%%%                        1061-5733) also called the Maple Tech
%%%                        Newsletter, published by Birkhauser (Boston,
%%%                        MA, USA).
%%%
%%%                        Publication regrettably ceased with Volume 5
%%%                        in 1998.  I have not yet been able to find
%%%                        any bibliographic information after number 2
%%%                        in volume 4, or for number 1 in volume 5.
%%%
%%%                        The Newsletter has Internet World-Wide Web
%%%                        sites at:
%%%
%%%                            http://www.birkhauser.com/journals/mapletech/summary.htm
%%%                            http://www.can.nl/Systems_and_Packages/Per_Purpose/General/Maple/mtn/mtn.html
%%%                            http://daisy.uwaterloo.ca/~maple/MapleTech.html
%%%                            http://web.mit.edu/afs/athena.mit.edu/software/maple/www/plibrary/mtn.html
%%%
%%%                        The Maple developer sites can be found at:
%%%
%%%                            http://daisy.uwaterloo.ca/home.html
%%%                            http://www.maplesoft.com/
%%%
%%%                        The Maple Share Library sites are:
%%%
%%%                            ftp://ftp.maplesoft.on.ca:/pub/maple/share/ (Canada)
%%%                            ftp://daisy.uwaterloo.ca:/pub/maple (Canada)
%%%                            ftp://ftp.inria.fr:/lang/maple/ (France)
%%%                            ftp://ftp.can.nl:/pub/maple-ftplib/ (Holland)
%%%
%%%                        Pointers to other Maple archives can be found
%%%                        at:
%%%
%%%                            http://archives.math.utk.edu/maple.html
%%%
%%%                        A LaTeX style file for the journal is
%%%                        available in the CTAN archives at
%%%
%%%                        ftp://ftp.tex.ac.uk/ctan/tex-archive/macros/latex/contrib/supported/maple/
%%%
%%%                        It should also be available in any LaTeX2e
%%%                        installation in the directory path
%%%                        latex2e/contrib/supported/maple/mtn.cls.
%%%
%%%                        Ten regular issues, and one special issue,
%%%                        all with no volume number, were published
%%%                        from 1988 to 1994 (except 1990, which had no
%%%                        issues), at which time an editorial board was
%%%                        formed and the publication was `re-born' as
%%%                        an officially-refereed journal, with the
%%%                        Spring 1994 issue labeled Volume 1, Number 1.
%%%                        For consistency, the early issues are
%%%                        assigned to volume 0 in the bibliography
%%%                        entries below.
%%%
%%%                        At version 1.05, the year coverage looked
%%%                        like this:
%%%
%%%                             1987 (   4)    1991 (  13)    1995 (  21)
%%%                             1988 (  15)    1992 (  23)    1996 (  24)
%%%                             1989 (   7)    1993 (  25)    1997 (  33)
%%%                             1990 (   0)    1994 (  40)    1998 (  13)
%%%
%%%                             Article:        218
%%%
%%%                             Total entries:  218
%%%
%%%                        Data for the bibliography has been collected
%%%                        from the OCLC Contents1st database, from the
%%%                        journal Web sites, from the bibliographies in
%%%                        the TeX User Group collection, from
%%%                        bibliographies in the author's personal
%%%                        files, These journals are not covered by the
%%%                        IEEE INSPEC database, or by the Compendex
%%%                        database, or by the MathSciNet database, or
%%%                        by the ZentrallBlatt fur Mathematik database.
%%%
%%%                        My personal archive of this journal lacks the
%%%                        first six issues, and the last five, and the
%%%                        journal Web sites do not provide article page
%%%                        numbers, so page numbers are missing for
%%%                        those issues in the bibliography entries
%%%                        below.
%%%
%%%                        Numerous errors in the sources noted above
%%%                        have been corrected.   Spelling has been
%%%                        verified with the UNIX spell and GNU ispell
%%%                        programs using the exception dictionary
%%%                        stored in the companion file with extension
%%%                        .sok.
%%%
%%%                        BibTeX citation tags are uniformly chosen as
%%%                        name:year:abbrev, where name is the family
%%%                        name of the first author or editor, year is a
%%%                        4-digit number, and abbrev is a 3-letter
%%%                        condensation of important title
%%%                        words. Citation tags were automatically
%%%                        generated by software developed for the
%%%                        BibNet Project.
%%%
%%%                        In this bibliography, entries are sorted in
%%%                        publication order, using bibsort -byvolume.
%%%
%%%                        The checksum field above contains a CRC-16
%%%                        checksum as the first value, followed by the
%%%                        equivalent of the standard UNIX wc (word
%%%                        count) utility output of lines, words, and
%%%                        characters.  This is produced by Robert
%%%                        Solovay's checksum utility.",
%%%  }
%%% ====================================================================

%%----------------------------------------------------------------------
%% Acknowledgement abbreviations:

@String{ack-nhfb = "Nelson H. F. Beebe,
                    Center for Scientific Computing,
                    University of Utah,
                    Department of Mathematics, 322 INSCC,
                    155 S 1400 E RM 233,
                    Salt Lake City, UT 84112-0090, USA,
                    Tel: +1 801 581 5254,
                    FAX: +1 801 581 4148,
                    e-mail: \path|beebe@math.utah.edu|,
                            \path|beebe@acm.org|,
                            \path|beebe@ieee.org| (Internet),
                    URL: \path|http://www.math.utah.edu/~beebe/|"}

%%----------------------------------------------------------------------
%% Journal abbreviations:

@String{j-MAPLE-NEWS            = "Maple Newsletter"}

@String{j-MAPLE-TECH-NEWS       = "Maple Technical Newsletter"}

%%----------------------------------------------------------------------
%% Bibliography entries:

@Article{Anonymous:1987:BHM,
  author =       "Anonymous",
  title =        "A Brief History of {Maple}",
  journal =      j-MAPLE-NEWS,
  volume =       "0",
  number =       "1",
  pages =        "??--??",
  month =        jan,
  year =         "1987",
  ISSN =         "1074-3790",
  bibdate =      "Fri May 09 22:33:19 1997",
  URL =          "http://www.can.nl/Systems_and_Packages/Per_Purpose/General/Maple/mtn/mtn1.html",
  acknowledgement = ack-nhfb,
}

@Article{Anonymous:1987:AMa,
  author =       "Anonymous",
  title =        "Advances with {Maple 4.0}",
  journal =      j-MAPLE-NEWS,
  volume =       "0",
  number =       "1",
  pages =        "??--??",
  month =        jan,
  year =         "1987",
  ISSN =         "1074-3790",
  bibdate =      "Fri May 09 22:33:19 1997",
  URL =          "http://www.can.nl/Systems_and_Packages/Per_Purpose/General/Maple/mtn/mtn1.html",
  acknowledgement = ack-nhfb,
}

@Article{Anonymous:1987:QA,
  author =       "Anonymous",
  title =        "Questions and Answers",
  journal =      j-MAPLE-NEWS,
  volume =       "0",
  number =       "1",
  pages =        "??--??",
  month =        jan,
  year =         "1987",
  ISSN =         "1074-3790",
  bibdate =      "Fri May 09 22:33:19 1997",
  URL =          "http://www.can.nl/Systems_and_Packages/Per_Purpose/General/Maple/mtn/mtn1.html",
  acknowledgement = ack-nhfb,
}

@Article{Anonymous:1987:AMb,
  author =       "Anonymous",
  title =        "Availability of {Maple}",
  journal =      j-MAPLE-NEWS,
  volume =       "0",
  number =       "1",
  pages =        "??--??",
  month =        jan,
  year =         "1987",
  ISSN =         "1074-3790",
  bibdate =      "Fri May 09 22:33:19 1997",
  URL =          "http://www.can.nl/Systems_and_Packages/Per_Purpose/General/Maple/mtn/mtn1.html",
  acknowledgement = ack-nhfb,
}

@Article{Anonymous:1988:WNMa,
  author =       "Anonymous",
  title =        "What's new in {Maple 4.1}",
  journal =      j-MAPLE-NEWS,
  volume =       "0",
  number =       "2",
  pages =        "??--??",
  month =        jan,
  year =         "1988",
  ISSN =         "1074-3790",
  bibdate =      "Fri May 09 22:33:19 1997",
  URL =          "http://www.can.nl/Systems_and_Packages/Per_Purpose/General/Maple/mtn/mtn2.html",
  acknowledgement = ack-nhfb,
}

@Article{Gonnet:1988:EMA,
  author =       "G. H. Gonnet",
  title =        "Examples of {Maple}, applied to problems from the
                 {American Mathematical Monthly}",
  journal =      j-MAPLE-NEWS,
  volume =       "0",
  number =       "2",
  pages =        "??--??",
  month =        jan,
  year =         "1988",
  ISSN =         "1074-3790",
  bibdate =      "Fri May 09 22:33:19 1997",
  URL =          "http://www.can.nl/Systems_and_Packages/Per_Purpose/General/Maple/mtn/mtn2.html",
  acknowledgement = ack-nhfb,
}

@Article{Granville:1988:FCF,
  author =       "Andrew Granville and Michael Monagan",
  title =        "The First case of {Fermat's Last Theorem} for all
                 Prime Exponents up to 714,591,416,091,389",
  journal =      j-MAPLE-NEWS,
  volume =       "0",
  number =       "2",
  pages =        "??--??",
  month =        jan,
  year =         "1988",
  ISSN =         "1074-3790",
  bibdate =      "Fri May 09 22:33:19 1997",
  URL =          "http://www.can.nl/Systems_and_Packages/Per_Purpose/General/Maple/mtn/mtn2.html",
  acknowledgement = ack-nhfb,
}

@Article{Monagan:1988:PFM,
  author =       "Michael Monagan",
  title =        "A Plotting Facility in {Maple}",
  journal =      j-MAPLE-NEWS,
  volume =       "0",
  number =       "2",
  pages =        "??--??",
  month =        jan,
  year =         "1988",
  ISSN =         "1074-3790",
  bibdate =      "Fri May 09 22:33:19 1997",
  URL =          "http://www.can.nl/Systems_and_Packages/Per_Purpose/General/Maple/mtn/mtn2.html",
  acknowledgement = ack-nhfb,
}

@Article{Monagan:1988:AMC,
  author =       "Michael Monagan",
  title =        "Announcement of {Maple 4.0} for the {Cray 2}",
  journal =      j-MAPLE-NEWS,
  volume =       "0",
  number =       "2",
  pages =        "??--??",
  month =        jan,
  year =         "1988",
  ISSN =         "1074-3790",
  bibdate =      "Fri May 09 22:33:19 1997",
  URL =          "http://www.can.nl/Systems_and_Packages/Per_Purpose/General/Maple/mtn/mtn2.html",
  acknowledgement = ack-nhfb,
}

@Article{Anonymous:1988:QA,
  author =       "Anonymous",
  title =        "Questions and Answers",
  journal =      j-MAPLE-NEWS,
  volume =       "0",
  number =       "2",
  pages =        "??--??",
  month =        jan,
  year =         "1988",
  ISSN =         "1074-3790",
  bibdate =      "Fri May 09 22:33:19 1997",
  URL =          "http://www.can.nl/Systems_and_Packages/Per_Purpose/General/Maple/mtn/mtn2.html",
  acknowledgement = ack-nhfb,
}

@Article{Anonymous:1988:CAS,
  author =       "Anonymous",
  title =        "Computer Algebra Systems in Education",
  journal =      j-MAPLE-NEWS,
  volume =       "0",
  number =       "2",
  pages =        "??--??",
  month =        jan,
  year =         "1988",
  ISSN =         "1074-3790",
  bibdate =      "Fri May 09 22:33:19 1997",
  URL =          "http://www.can.nl/Systems_and_Packages/Per_Purpose/General/Maple/mtn/mtn2.html",
  acknowledgement = ack-nhfb,
}

@Article{Anonymous:1988:AMa,
  author =       "Anonymous",
  title =        "Availability of {Maple}",
  journal =      j-MAPLE-NEWS,
  volume =       "0",
  number =       "2",
  pages =        "??--??",
  month =        jan,
  year =         "1988",
  ISSN =         "1074-3790",
  bibdate =      "Fri May 09 22:33:19 1997",
  URL =          "http://www.can.nl/Systems_and_Packages/Per_Purpose/General/Maple/mtn/mtn2.html",
  acknowledgement = ack-nhfb,
}

@Article{Anonymous:1988:WNMb,
  author =       "Anonymous",
  title =        "What's new in {Maple 4.2}",
  journal =      j-MAPLE-NEWS,
  volume =       "0",
  number =       "3",
  pages =        "??--??",
  month =        jul,
  year =         "1988",
  ISSN =         "1074-3790",
  bibdate =      "Fri May 09 22:33:19 1997",
  URL =          "http://www.can.nl/Systems_and_Packages/Per_Purpose/General/Maple/mtn/mtn3.html",
  acknowledgement = ack-nhfb,
}

@Article{Monagan:1988:ASM,
  author =       "Michael Monagan",
  title =        "Automatic Simplification in {Maple}",
  journal =      j-MAPLE-NEWS,
  volume =       "0",
  number =       "3",
  pages =        "??--??",
  month =        jul,
  year =         "1988",
  ISSN =         "1074-3790",
  bibdate =      "Fri May 09 22:33:19 1997",
  URL =          "http://www.can.nl/Systems_and_Packages/Per_Purpose/General/Maple/mtn/mtn3.html",
  acknowledgement = ack-nhfb,
}

@Article{Scott:1988:NAD,
  author =       "Tony Scott",
  title =        "A New Approach to Definite Integration for {Maple
                 4.3}",
  journal =      j-MAPLE-NEWS,
  volume =       "0",
  number =       "3",
  pages =        "??--??",
  month =        jul,
  year =         "1988",
  ISSN =         "1074-3790",
  bibdate =      "Fri May 09 22:33:19 1997",
  URL =          "http://www.can.nl/Systems_and_Packages/Per_Purpose/General/Maple/mtn/mtn3.html",
  acknowledgement = ack-nhfb,
}

@Article{Monagan:1988:MPM,
  author =       "Michael Monagan",
  title =        "On Manipulating Polynomials in {Maple}",
  journal =      j-MAPLE-NEWS,
  volume =       "0",
  number =       "3",
  pages =        "??--??",
  month =        jul,
  year =         "1988",
  ISSN =         "1074-3790",
  bibdate =      "Fri May 09 22:33:19 1997",
  URL =          "http://www.can.nl/Systems_and_Packages/Per_Purpose/General/Maple/mtn/mtn3.html",
  acknowledgement = ack-nhfb,
}

@Article{Devitt:1988:PIP,
  author =       "J. S. Devitt",
  title =        "Packages as an Integral Part of {Maple}",
  journal =      j-MAPLE-NEWS,
  volume =       "0",
  number =       "3",
  pages =        "??--??",
  month =        jul,
  year =         "1988",
  ISSN =         "1074-3790",
  bibdate =      "Fri May 09 22:33:19 1997",
  URL =          "http://www.can.nl/Systems_and_Packages/Per_Purpose/General/Maple/mtn/mtn3.html",
  acknowledgement = ack-nhfb,
}

@Article{Devitt:1988:SPM,
  author =       "J. S. Devitt",
  title =        "A Symbolic Proof of the Mean Value Theorem",
  journal =      j-MAPLE-NEWS,
  volume =       "0",
  number =       "3",
  pages =        "??--??",
  month =        jul,
  year =         "1988",
  ISSN =         "1074-3790",
  bibdate =      "Fri May 09 22:33:19 1997",
  URL =          "http://www.can.nl/Systems_and_Packages/Per_Purpose/General/Maple/mtn/mtn3.html",
  acknowledgement = ack-nhfb,
}

@Article{Anonymous:1988:AMb,
  author =       "Anonymous",
  title =        "Availability of {Maple}",
  journal =      j-MAPLE-NEWS,
  volume =       "0",
  number =       "3",
  pages =        "??--??",
  month =        jul,
  year =         "1988",
  ISSN =         "1074-3790",
  bibdate =      "Fri May 09 22:33:19 1997",
  URL =          "http://www.can.nl/Systems_and_Packages/Per_Purpose/General/Maple/mtn/mtn3.html",
  acknowledgement = ack-nhfb,
}

@Article{Friel:1989:NAN,
  author =       "J. William Friel",
  title =        "News and Announcements: Now, Are You Convinced?",
  journal =      j-MAPLE-NEWS,
  volume =       "0",
  number =       "4",
  pages =        "??--??",
  month =        jan,
  year =         "1989",
  ISSN =         "1074-3790",
  bibdate =      "Fri May 09 22:33:19 1997",
  URL =          "http://www.can.nl/Systems_and_Packages/Per_Purpose/General/Maple/mtn/mtn4.html",
  acknowledgement = ack-nhfb,
}

@Article{Devitt:1989:FPM,
  author =       "J. S. Devitt",
  title =        "The Full Power of {Maple} on a {Mac Plus}",
  journal =      j-MAPLE-NEWS,
  volume =       "0",
  number =       "4",
  pages =        "??--??",
  month =        jan,
  year =         "1989",
  ISSN =         "1074-3790",
  bibdate =      "Fri May 09 22:33:19 1997",
  URL =          "http://www.can.nl/Systems_and_Packages/Per_Purpose/General/Maple/mtn/mtn4.html",
  acknowledgement = ack-nhfb,
}

@Article{Fee:1989:APE,
  author =       "G. J. Fee",
  title =        "{AMM} Problem {E2983}",
  journal =      j-MAPLE-NEWS,
  volume =       "0",
  number =       "4",
  pages =        "??--??",
  month =        jan,
  year =         "1989",
  ISSN =         "1074-3790",
  bibdate =      "Fri May 09 22:33:19 1997",
  URL =          "http://www.can.nl/Systems_and_Packages/Per_Purpose/General/Maple/mtn/mtn4.html",
  acknowledgement = ack-nhfb,
}

@Article{Monagan:1989:CFM,
  author =       "Michael B. Monagan",
  title =        "The Collect Function in {Maple}",
  journal =      j-MAPLE-NEWS,
  volume =       "0",
  number =       "4",
  pages =        "??--??",
  month =        jan,
  year =         "1989",
  ISSN =         "1074-3790",
  bibdate =      "Fri May 09 22:33:19 1997",
  URL =          "http://www.can.nl/Systems_and_Packages/Per_Purpose/General/Maple/mtn/mtn4.html",
  acknowledgement = ack-nhfb,
}

@Article{Gonnet:1989:APE,
  author =       "Gaston H. Gonnet",
  title =        "{AMM} Problem {E3229}",
  journal =      j-MAPLE-NEWS,
  volume =       "0",
  number =       "4",
  pages =        "??--??",
  month =        jan,
  year =         "1989",
  ISSN =         "1074-3790",
  bibdate =      "Fri May 09 22:33:19 1997",
  URL =          "http://www.can.nl/Systems_and_Packages/Per_Purpose/General/Maple/mtn/mtn4.html",
  acknowledgement = ack-nhfb,
}

@Article{Monagan:1989:FTO,
  author =       "Michael B. Monagan",
  title =        "{Fortran} Translation and Optimization",
  journal =      j-MAPLE-NEWS,
  volume =       "0",
  number =       "4",
  pages =        "??--??",
  month =        jan,
  year =         "1989",
  ISSN =         "1074-3790",
  bibdate =      "Fri May 09 22:33:19 1997",
  URL =          "http://www.can.nl/Systems_and_Packages/Per_Purpose/General/Maple/mtn/mtn4.html",
  acknowledgement = ack-nhfb,
}

@Article{Gonnet:1989:HPT,
  author =       "Gaston H. Gonnet",
  title =        "Heuristic Primality Testing",
  journal =      j-MAPLE-NEWS,
  volume =       "0",
  number =       "4",
  pages =        "??--??",
  month =        jan,
  year =         "1989",
  ISSN =         "1074-3790",
  bibdate =      "Fri May 09 22:33:19 1997",
  URL =          "http://www.can.nl/Systems_and_Packages/Per_Purpose/General/Maple/mtn/mtn4.html",
  acknowledgement = ack-nhfb,
}

%% Maple Newsletter renamed to Maple Tech Newsletter at issue 5.

@Article{Anonymous:1991:NAF,
  author =       "Anonymous",
  title =        "News and Announcements: Features of {Maple V}",
  journal =      j-MAPLE-TECH-NEWS,
  volume =       "0",
  number =       "5",
  pages =        "??--??",
  month =        "Winter",
  year =         "1991",
  ISSN =         "1061-5733",
  bibdate =      "Fri May 09 22:33:19 1997",
  URL =          "http://www.can.nl/Systems_and_Packages/Per_Purpose/General/Maple/mtn/mtn5.html",
  acknowledgement = ack-nhfb,
}

@Article{Fee:1991:UDA,
  author =       "Gregory Fee and Michael Monagan",
  title =        "User defined aliases and factorization over finite and
                 algebraic number fields",
  journal =      j-MAPLE-TECH-NEWS,
  volume =       "0",
  number =       "5",
  pages =        "??--??",
  month =        "Winter",
  year =         "1991",
  ISSN =         "1061-5733",
  bibdate =      "Fri May 09 22:33:19 1997",
  URL =          "http://www.can.nl/Systems_and_Packages/Per_Purpose/General/Maple/mtn/mtn5.html",
  acknowledgement = ack-nhfb,
}

@Article{Scott:1991:RSD,
  author =       "Tony Scott",
  title =        "Recipes for Solving Definite Integrals Involving
                 Exponentials and Logarithms (Part {II})",
  journal =      j-MAPLE-TECH-NEWS,
  volume =       "0",
  number =       "5",
  pages =        "??--??",
  month =        "Winter",
  year =         "1991",
  ISSN =         "1061-5733",
  bibdate =      "Fri May 09 22:33:19 1997",
  URL =          "http://www.can.nl/Systems_and_Packages/Per_Purpose/General/Maple/mtn/mtn5.html",
  acknowledgement = ack-nhfb,
}

@Article{Pathria:1991:ISM,
  author =       "Anu Pathria",
  title =        "Indefinite Summation in {Maple}",
  journal =      j-MAPLE-TECH-NEWS,
  volume =       "0",
  number =       "5",
  pages =        "??--??",
  month =        "Winter",
  year =         "1991",
  ISSN =         "1061-5733",
  bibdate =      "Fri May 09 22:33:19 1997",
  URL =          "http://www.can.nl/Systems_and_Packages/Per_Purpose/General/Maple/mtn/mtn5.html",
  acknowledgement = ack-nhfb,
}

@Article{Salvy:1991:TWG,
  author =       "Bruno Salvy",
  title =        "Three ways to get {Stirling}'s Formula in {Maple}",
  journal =      j-MAPLE-TECH-NEWS,
  volume =       "0",
  number =       "5",
  pages =        "??--??",
  month =        "Winter",
  year =         "1991",
  ISSN =         "1061-5733",
  bibdate =      "Fri May 09 22:33:19 1997",
  URL =          "http://www.can.nl/Systems_and_Packages/Per_Purpose/General/Maple/mtn/mtn5.html",
  acknowledgement = ack-nhfb,
}

@Article{Fee:1991:NSD,
  author =       "Greg Fee",
  title =        "Numerical Solution of a Differential Equation
                 presented in the problem section of the {American
                 Mathematical Monthly}",
  journal =      j-MAPLE-TECH-NEWS,
  volume =       "0",
  number =       "5",
  pages =        "??--??",
  month =        "Winter",
  year =         "1991",
  ISSN =         "1061-5733",
  bibdate =      "Fri May 09 22:33:19 1997",
  URL =          "http://www.can.nl/Systems_and_Packages/Per_Purpose/General/Maple/mtn/mtn5.html",
  acknowledgement = ack-nhfb,
}

@Article{Scott:1991:AVP,
  author =       "Tony Scott",
  title =        "Application of Variational Principles to a Simple
                 Quantum Mechanical Problem using the {Maple} System",
  journal =      j-MAPLE-TECH-NEWS,
  volume =       "0",
  number =       "5",
  pages =        "??--??",
  month =        "Winter",
  year =         "1991",
  ISSN =         "1061-5733",
  bibdate =      "Fri May 09 22:33:19 1997",
  URL =          "http://www.can.nl/Systems_and_Packages/Per_Purpose/General/Maple/mtn/mtn5.html",
  acknowledgement = ack-nhfb,
}

@Article{Geddes:1991:NIU,
  author =       "Keith O. Geddes",
  title =        "Numerical Integration using Symbolic Analysis",
  journal =      j-MAPLE-TECH-NEWS,
  volume =       "0",
  number =       "6",
  pages =        "??--??",
  month =        "Fall",
  year =         "1991",
  ISSN =         "1061-5733",
  bibdate =      "Fri May 09 22:33:19 1997",
  URL =          "http://www.can.nl/Systems_and_Packages/Per_Purpose/General/Maple/mtn/mtn6.html",
  acknowledgement = ack-nhfb,
}

@Article{Gonnet:1991:CC,
  author =       "Gaston H. Gonnet",
  title =        "Computations on the $3n+1$ Conjecture",
  journal =      j-MAPLE-TECH-NEWS,
  volume =       "0",
  number =       "6",
  pages =        "??--??",
  month =        "Fall",
  year =         "1991",
  ISSN =         "1061-5733",
  bibdate =      "Fri May 09 22:33:19 1997",
  URL =          "http://www.can.nl/Systems_and_Packages/Per_Purpose/General/Maple/mtn/mtn6.html",
  acknowledgement = ack-nhfb,
}

@Article{Pathria:1991:ATB,
  author =       "Anu K. Pathria",
  title =        "{Archimedes}' Theorem of the Broken Chord",
  journal =      j-MAPLE-TECH-NEWS,
  volume =       "0",
  number =       "6",
  pages =        "??--??",
  month =        "Fall",
  year =         "1991",
  ISSN =         "1061-5733",
  bibdate =      "Fri May 09 22:33:19 1997",
  URL =          "http://www.can.nl/Systems_and_Packages/Per_Purpose/General/Maple/mtn/mtn6.html",
  acknowledgement = ack-nhfb,
}

@Article{Peikert:1991:PCS,
  author =       "R. Peikert and D. Wurtz and M. Monagan and C. de
                 Groot",
  title =        "Packing Circles in a Square",
  journal =      j-MAPLE-TECH-NEWS,
  volume =       "0",
  number =       "6",
  pages =        "??--??",
  month =        "Fall",
  year =         "1991",
  ISSN =         "1061-5733",
  bibdate =      "Fri May 09 22:33:19 1997",
  URL =          "http://www.can.nl/Systems_and_Packages/Per_Purpose/General/Maple/mtn/mtn6.html",
  acknowledgement = ack-nhfb,
}

@Article{Radia:1991:QAM,
  author =       "Sanjay Radia and Tony C. Scott",
  title =        "Queuing Analysis of Multiprocessing",
  journal =      j-MAPLE-TECH-NEWS,
  volume =       "0",
  number =       "6",
  pages =        "??--??",
  month =        "Fall",
  year =         "1991",
  ISSN =         "1061-5733",
  bibdate =      "Fri May 09 22:33:19 1997",
  URL =          "http://www.can.nl/Systems_and_Packages/Per_Purpose/General/Maple/mtn/mtn6.html",
  acknowledgement = ack-nhfb,
}

@Article{Scott:1991:AMM,
  author =       "Tony C. Scott and Michael B. Monagan and Greg Fee and
                 Robert Corless",
  title =        "Applications of {Maple} to Mathematical, Scientific
                 and Engineering Problems",
  journal =      j-MAPLE-TECH-NEWS,
  volume =       "0",
  number =       "6",
  pages =        "??--??",
  month =        "Fall",
  year =         "1991",
  ISSN =         "1061-5733",
  bibdate =      "Fri May 09 22:33:19 1997",
  URL =          "http://www.can.nl/Systems_and_Packages/Per_Purpose/General/Maple/mtn/mtn6.html",
  acknowledgement = ack-nhfb,
}

@Article{Scott:1992:NEa,
  author =       "Tony Scott and Darren Redfern",
  title =        "A Note from the {Editors}",
  journal =      j-MAPLE-TECH-NEWS,
  volume =       "0",
  number =       "7",
  pages =        "1--3",
  month =        "Spring",
  year =         "1992",
  ISSN =         "1061-5733",
  bibdate =      "Fri May 09 22:33:19 1997",
  acknowledgement = ack-nhfb,
}

@Article{Anonymous:1992:NAa,
  author =       "Anonymous",
  title =        "News and Announcements",
  journal =      j-MAPLE-TECH-NEWS,
  volume =       "0",
  number =       "7",
  pages =        "4--8",
  month =        "Spring",
  year =         "1992",
  ISSN =         "1061-5733",
  bibdate =      "Fri May 09 22:33:19 1997",
  acknowledgement = ack-nhfb,
}

@Article{Anonymous:1992:MVA,
  author =       "Anonymous",
  title =        "{Maple V} and {AVS}",
  journal =      j-MAPLE-TECH-NEWS,
  volume =       "0",
  number =       "7",
  pages =        "9--10",
  month =        "Spring",
  year =         "1992",
  ISSN =         "1061-5733",
  bibdate =      "Fri May 09 22:33:19 1997",
  acknowledgement = ack-nhfb,
}

@Article{Pavele:1992:ME,
  author =       "Tony Scott and Richard Pavele and Darren Redfern",
  title =        "{Maple} in Education",
  journal =      j-MAPLE-TECH-NEWS,
  volume =       "0",
  number =       "7",
  pages =        "11--16",
  month =        "Spring",
  year =         "1992",
  ISSN =         "1061-5733",
  bibdate =      "Fri May 09 22:33:19 1997",
  URL =          "http://www.can.nl/Systems_and_Packages/Per_Purpose/General/Maple/mtn/mtn7.html",
  note =         "See also \cite{Scott:1994:MEP}.",
  acknowledgement = ack-nhfb,
}

@Article{Monagan:1992:OAD,
  author =       "Michael M. Monagan and J. S. Devitt",
  title =        "The {$D$} Operator and Algorithmic Differentiation",
  journal =      j-MAPLE-TECH-NEWS,
  volume =       "0",
  number =       "7",
  pages =        "17--24",
  month =        "Spring",
  year =         "1992",
  ISSN =         "1061-5733",
  bibdate =      "Fri May 09 22:33:19 1997",
  URL =          "http://www.can.nl/Systems_and_Packages/Per_Purpose/General/Maple/mtn/mtn7.html",
  acknowledgement = ack-nhfb,
}

@Article{Johnson:1992:WL,
  author =       "Eugene Johnson",
  title =        "Working with {\tt linalg}",
  journal =      j-MAPLE-TECH-NEWS,
  volume =       "0",
  number =       "7",
  pages =        "25--30",
  month =        "Spring",
  year =         "1992",
  ISSN =         "1061-5733",
  bibdate =      "Fri May 09 22:33:19 1997",
  URL =          "http://www.can.nl/Systems_and_Packages/Per_Purpose/General/Maple/mtn/mtn7.html",
  acknowledgement = ack-nhfb,
}

@Article{Gonnet:1992:PPT,
  author =       "Gaston H. Gonnet",
  title =        "A Problem in Phylogenetic Tree Building",
  journal =      j-MAPLE-TECH-NEWS,
  volume =       "0",
  number =       "7",
  pages =        "31--38",
  month =        "Spring",
  year =         "1992",
  ISSN =         "1061-5733",
  bibdate =      "Fri May 09 22:33:19 1997",
  URL =          "http://www.can.nl/Systems_and_Packages/Per_Purpose/General/Maple/mtn/mtn7.html",
  acknowledgement = ack-nhfb,
}

@Article{Schwalbe:1992:UPP,
  author =       "Daniel Schwalbe",
  title =        "Using Phase Portraits to Understand Population
                 Dynamics",
  journal =      j-MAPLE-TECH-NEWS,
  volume =       "0",
  number =       "7",
  pages =        "39--43",
  month =        "Spring",
  year =         "1992",
  ISSN =         "1061-5733",
  bibdate =      "Fri May 09 22:33:19 1997",
  URL =          "http://www.can.nl/Systems_and_Packages/Per_Purpose/General/Maple/mtn/mtn7.html",
  acknowledgement = ack-nhfb,
}

@Article{Gander:1992:BP,
  author =       "Walter Gander and Dominik Gruntz",
  title =        "The Billiard Problem",
  journal =      j-MAPLE-TECH-NEWS,
  volume =       "0",
  number =       "7",
  pages =        "44--49",
  month =        "Spring",
  year =         "1992",
  ISSN =         "1061-5733",
  bibdate =      "Fri May 09 22:33:19 1997",
  URL =          "http://www.can.nl/Systems_and_Packages/Per_Purpose/General/Maple/mtn/mtn7.html",
  acknowledgement = ack-nhfb,
}

@Article{Holmes:1992:AMC,
  author =       "Mark H. Holmes and Jonathan Bell",
  title =        "An Application of {Maple} to Chemical Kinetics",
  journal =      j-MAPLE-TECH-NEWS,
  volume =       "0",
  number =       "7",
  pages =        "50--55",
  month =        "Spring",
  year =         "1992",
  ISSN =         "1061-5733",
  bibdate =      "Fri May 09 22:33:19 1997",
  URL =          "http://www.can.nl/Systems_and_Packages/Per_Purpose/General/Maple/mtn/mtn7.html",
  acknowledgement = ack-nhfb,
}

@Article{Anonymous:1992:GAa,
  author =       "Anonymous",
  title =        "Guidelines for Authors",
  journal =      j-MAPLE-TECH-NEWS,
  volume =       "0",
  number =       "7",
  pages =        "56--56",
  month =        "Spring",
  year =         "1992",
  ISSN =         "1061-5733",
  bibdate =      "Fri May 09 22:33:19 1997",
  acknowledgement = ack-nhfb,
}

@Article{Anonymous:1992:Aa,
  author =       "Anonymous",
  title =        "Acknowledgements",
  journal =      j-MAPLE-TECH-NEWS,
  volume =       "0",
  number =       "7",
  pages =        "56--56",
  month =        "Spring",
  year =         "1992",
  ISSN =         "1061-5733",
  bibdate =      "Fri May 09 22:33:19 1997",
  acknowledgement = ack-nhfb,
}

@Article{Scott:1992:NEb,
  author =       "Tony Scott and Darren Redfern",
  title =        "A Note from the {Editors}",
  journal =      j-MAPLE-TECH-NEWS,
  volume =       "0",
  number =       "8",
  pages =        "1--3",
  month =        "Fall",
  year =         "1992",
  ISSN =         "1061-5733",
  bibdate =      "Fri May 09 22:33:19 1997",
  acknowledgement = ack-nhfb,
}

@Article{Anonymous:1992:NAb,
  author =       "Anonymous",
  title =        "News and Announcements",
  journal =      j-MAPLE-TECH-NEWS,
  volume =       "0",
  number =       "8",
  pages =        "4--15",
  month =        "Fall",
  year =         "1992",
  ISSN =         "1061-5733",
  bibdate =      "Fri May 09 22:33:19 1997",
  acknowledgement = ack-nhfb,
}

@Article{Rybowicz:1992:ECC,
  author =       "Marc Rybowicz",
  title =        "Extended Capabilities for Computing with Algebraic
                 Functions and Numbers",
  journal =      j-MAPLE-TECH-NEWS,
  volume =       "0",
  number =       "8",
  pages =        "16--23",
  month =        "Fall",
  year =         "1992",
  ISSN =         "1061-5733",
  bibdate =      "Fri May 09 22:33:19 1997",
  URL =          "http://www.can.nl/Systems_and_Packages/Per_Purpose/General/Maple/mtn/mtn8.html",
  acknowledgement = ack-nhfb,
}

@Article{Monagan:1992:EEE,
  author =       "Michael B. Monagan",
  title =        "Exact Eigenvalue and Eigenvector Computation in
                 {Maple}",
  journal =      j-MAPLE-TECH-NEWS,
  volume =       "0",
  number =       "8",
  pages =        "24--32",
  month =        "Fall",
  year =         "1992",
  ISSN =         "1061-5733",
  bibdate =      "Fri May 09 22:33:19 1997",
  URL =          "http://www.can.nl/Systems_and_Packages/Per_Purpose/General/Maple/mtn/mtn8.html",
  acknowledgement = ack-nhfb,
}

@Article{McPhedran:1992:BFI,
  author =       "R. C. McPhedran and D. H. Dawes and Tony Scott",
  title =        "On a {Bessel} Function Integral",
  journal =      j-MAPLE-TECH-NEWS,
  volume =       "0",
  number =       "8",
  pages =        "33--38",
  month =        "Fall",
  year =         "1992",
  ISSN =         "1061-5733",
  bibdate =      "Fri May 09 22:33:19 1997",
  URL =          "http://www.can.nl/Systems_and_Packages/Per_Purpose/General/Maple/mtn/mtn8.html",
  acknowledgement = ack-nhfb,
}

@Article{Borwein:1992:MHP,
  author =       "Jonathan M. Borwein and Mark A. Limber",
  title =        "{Maple} as a High Precision Calculator",
  journal =      j-MAPLE-TECH-NEWS,
  volume =       "0",
  number =       "8",
  pages =        "39--44",
  month =        "Fall",
  year =         "1992",
  ISSN =         "1061-5733",
  bibdate =      "Fri May 09 22:33:19 1997",
  URL =          "http://www.can.nl/Systems_and_Packages/Per_Purpose/General/Maple/mtn/mtn8.html",
  acknowledgement = ack-nhfb,
}

@Article{Riedel:1992:SVR,
  author =       "Thomas Riedel and Prasanna Sahoo",
  title =        "Surfaces and Volumes of Revolution with {Maple}",
  journal =      j-MAPLE-TECH-NEWS,
  volume =       "0",
  number =       "8",
  pages =        "45--51",
  month =        "Fall",
  year =         "1992",
  ISSN =         "1061-5733",
  bibdate =      "Fri May 09 22:33:19 1997",
  URL =          "http://www.can.nl/Systems_and_Packages/Per_Purpose/General/Maple/mtn/mtn8.html",
  acknowledgement = ack-nhfb,
}

@Article{Guichard:1992:CNI,
  author =       "David R. Guichard",
  title =        "Counting Non-Isomorphic Graphs with {Maple}",
  journal =      j-MAPLE-TECH-NEWS,
  volume =       "0",
  number =       "8",
  pages =        "52--56",
  month =        "Fall",
  year =         "1992",
  ISSN =         "1061-5733",
  bibdate =      "Fri May 09 22:33:19 1997",
  URL =          "http://www.can.nl/Systems_and_Packages/Per_Purpose/General/Maple/mtn/mtn8.html",
  acknowledgement = ack-nhfb,
}

@Article{Gray:1992:HIE,
  author =       "L. J. Gray",
  title =        "Hypersingular Integral Evaluation using {Maple}",
  journal =      j-MAPLE-TECH-NEWS,
  volume =       "0",
  number =       "8",
  pages =        "57--60",
  month =        "Fall",
  year =         "1992",
  ISSN =         "1061-5733",
  bibdate =      "Fri May 09 22:33:19 1997",
  URL =          "http://www.can.nl/Systems_and_Packages/Per_Purpose/General/Maple/mtn/mtn8.html",
  acknowledgement = ack-nhfb,
}

@Article{Anonymous:1992:GAb,
  author =       "Anonymous",
  title =        "Guidelines for Authors",
  journal =      j-MAPLE-TECH-NEWS,
  volume =       "0",
  number =       "8",
  pages =        "61--61",
  month =        "Fall",
  year =         "1992",
  ISSN =         "1061-5733",
  bibdate =      "Fri May 09 22:33:19 1997",
  acknowledgement = ack-nhfb,
}

@Article{Anonymous:1992:Ab,
  author =       "Anonymous",
  title =        "Acknowledgements",
  journal =      j-MAPLE-TECH-NEWS,
  volume =       "0",
  number =       "8",
  pages =        "61--61",
  month =        "Fall",
  year =         "1992",
  ISSN =         "1061-5733",
  bibdate =      "Fri May 09 22:33:19 1997",
  acknowledgement = ack-nhfb,
}

@Article{Scott:1993:NEa,
  author =       "Tony Scott and Darren Redfern",
  title =        "A Note from the {Editors}",
  journal =      j-MAPLE-TECH-NEWS,
  volume =       "0",
  number =       "9",
  pages =        "1--3",
  month =        "Spring",
  year =         "1993",
  ISSN =         "1061-5733",
  bibdate =      "Fri May 09 22:33:19 1997",
  acknowledgement = ack-nhfb,
}

@Article{Anonymous:1993:NAa,
  author =       "Anonymous",
  title =        "News and Announcements",
  journal =      j-MAPLE-TECH-NEWS,
  volume =       "0",
  number =       "9",
  pages =        "4--11",
  month =        "Spring",
  year =         "1993",
  ISSN =         "1061-5733",
  bibdate =      "Fri May 09 22:33:19 1997",
  acknowledgement = ack-nhfb,
}

@Article{Corless:1993:LFM,
  author =       "Robert M. Corless and Gaston H. Gonnet and D. E. G.
                 Hare and David J. Jeffrey",
  title =        "{Lambert}'s {$W$} Function in {Maple}",
  journal =      j-MAPLE-TECH-NEWS,
  volume =       "0",
  number =       "9",
  pages =        "12--22",
  month =        "Spring",
  year =         "1993",
  ISSN =         "1061-5733",
  bibdate =      "Fri May 09 22:33:19 1997",
  URL =          "http://www.can.nl/Systems_and_Packages/Per_Purpose/General/Maple/mtn/mtn9.html",
  acknowledgement = ack-nhfb,
}

@Article{Gruntz:1993:IG,
  author =       "D. Gruntz and M. Monagan",
  title =        "Introduction to {Gauss}",
  journal =      j-MAPLE-TECH-NEWS,
  volume =       "0",
  number =       "9",
  pages =        "23--35",
  month =        "Spring",
  year =         "1993",
  ISSN =         "1061-5733",
  bibdate =      "Fri May 09 22:33:19 1997",
  URL =          "http://www.can.nl/Systems_and_Packages/Per_Purpose/General/Maple/mtn/mtn9.html",
  acknowledgement = ack-nhfb,
}

@Article{Gruntz:1993:GBG,
  author =       "Dominik Gruntz",
  title =        "Gr{\"o}bner Bases in {Gauss}",
  journal =      j-MAPLE-TECH-NEWS,
  volume =       "0",
  number =       "9",
  pages =        "36--46",
  month =        "Spring",
  year =         "1993",
  ISSN =         "1061-5733",
  bibdate =      "Fri May 09 22:33:19 1997",
  URL =          "http://www.can.nl/Systems_and_Packages/Per_Purpose/General/Maple/mtn/mtn9.html",
  acknowledgement = ack-nhfb,
}

@Article{Rough:1993:HAP,
  author =       "A. D. Rough and J. Richardson",
  title =        "Harmonic Analysis of Phase Controlled Waveforms",
  journal =      j-MAPLE-TECH-NEWS,
  volume =       "0",
  number =       "9",
  pages =        "47--53",
  month =        "Spring",
  year =         "1993",
  ISSN =         "1061-5733",
  bibdate =      "Fri May 09 22:33:19 1997",
  URL =          "http://www.can.nl/Systems_and_Packages/Per_Purpose/General/Maple/mtn/mtn9.html",
  acknowledgement = ack-nhfb,
}

@Article{Argent:1993:EAM,
  author =       "Jason Argent and Tom Lee",
  title =        "Engineering Applications of {Maple V Release 2}:
                 Analysis and Design of Machines",
  journal =      j-MAPLE-TECH-NEWS,
  volume =       "0",
  number =       "9",
  pages =        "54--61",
  month =        "Spring",
  year =         "1993",
  ISSN =         "1061-5733",
  bibdate =      "Fri May 09 22:33:19 1997",
  URL =          "http://www.can.nl/Systems_and_Packages/Per_Purpose/General/Maple/mtn/mtn9.html",
  acknowledgement = ack-nhfb,
}

@Article{Monagan:1993:UCA,
  author =       "Michael B. Monagan",
  title =        "Using Computer Algebra to Help Understand the Nature
                 of Eigenvalues and Eigenvectors",
  journal =      j-MAPLE-TECH-NEWS,
  volume =       "0",
  number =       "9",
  pages =        "62--68",
  month =        "Spring",
  year =         "1993",
  ISSN =         "1061-5733",
  bibdate =      "Fri May 09 22:33:19 1997",
  URL =          "http://www.can.nl/Systems_and_Packages/Per_Purpose/General/Maple/mtn/mtn9.html",
  acknowledgement = ack-nhfb,
}

@Article{Vahle:1993:SC,
  author =       "Michael O. Vahle",
  title =        "Solving the Congruence $x^2 \equiv a \bmod n$",
  journal =      j-MAPLE-TECH-NEWS,
  volume =       "0",
  number =       "9",
  pages =        "69--76",
  month =        "Spring",
  year =         "1993",
  ISSN =         "1061-5733",
  bibdate =      "Fri May 09 22:33:19 1997",
  URL =          "http://www.can.nl/Systems_and_Packages/Per_Purpose/General/Maple/mtn/mtn9.html",
  acknowledgement = ack-nhfb,
}

@Article{Anonymous:1993:GA,
  author =       "Anonymous",
  title =        "Guidelines for Authors",
  journal =      j-MAPLE-TECH-NEWS,
  volume =       "0",
  number =       "9",
  pages =        "77--77",
  month =        "Spring",
  year =         "1993",
  ISSN =         "1061-5733",
  bibdate =      "Fri May 09 22:33:19 1997",
  acknowledgement = ack-nhfb,
}

@Article{Anonymous:1993:Aa,
  author =       "Anonymous",
  title =        "Acknowledgements",
  journal =      j-MAPLE-TECH-NEWS,
  volume =       "0",
  number =       "9",
  pages =        "78--78",
  month =        "Spring",
  year =         "1993",
  ISSN =         "1061-5733",
  bibdate =      "Fri May 09 22:33:19 1997",
  acknowledgement = ack-nhfb,
}

@Article{Scott:1993:NEb,
  author =       "Tony Scott and Reid M. Pinchback",
  title =        "A Note from the {Editors}",
  journal =      j-MAPLE-TECH-NEWS,
  volume =       "0",
  number =       "10",
  pages =        "1--5",
  month =        "Fall",
  year =         "1993",
  ISSN =         "1061-5733",
  bibdate =      "Fri May 09 22:33:19 1997",
  acknowledgement = ack-nhfb,
}

@Article{Anonymous:1993:NAb,
  author =       "Anonymous",
  title =        "News and Announcements",
  journal =      j-MAPLE-TECH-NEWS,
  volume =       "0",
  number =       "10",
  pages =        "6--9",
  month =        "Fall",
  year =         "1993",
  ISSN =         "1061-5733",
  bibdate =      "Fri May 09 22:33:19 1997",
  acknowledgement = ack-nhfb,
}

@Article{Monagan:1993:TMU,
  author =       "Michael B. Monagan",
  title =        "Tips for {Maple} Users",
  journal =      j-MAPLE-TECH-NEWS,
  volume =       "0",
  number =       "10",
  pages =        "10--18",
  month =        "Fall",
  year =         "1993",
  ISSN =         "1061-5733",
  bibdate =      "Fri May 09 22:33:19 1997",
  URL =          "http://www.can.nl/Systems_and_Packages/Per_Purpose/General/Maple/mtn/mtn10.html",
  acknowledgement = ack-nhfb,
}

@Article{Scott:1993:RSB,
  author =       "T. C. Scott and Yehuda B. Band and K. O. Geddes",
  title =        "Recipes for Solving Broad Classes of Definite
                 Integrals and Applications",
  journal =      j-MAPLE-TECH-NEWS,
  volume =       "0",
  number =       "10",
  pages =        "19--27",
  month =        "Fall",
  year =         "1993",
  ISSN =         "1061-5733",
  bibdate =      "Fri May 09 22:33:19 1997",
  URL =          "http://www.can.nl/Systems_and_Packages/Per_Purpose/General/Maple/mtn/mtn10.html",
  acknowledgement = ack-nhfb,
}

@Article{Geddes:1993:PNA,
  author =       "K. O. Geddes",
  title =        "A Package for Numerical Approximation",
  journal =      j-MAPLE-TECH-NEWS,
  volume =       "0",
  number =       "10",
  pages =        "28--36",
  month =        "Fall",
  year =         "1993",
  ISSN =         "1061-5733",
  bibdate =      "Fri May 09 22:33:19 1997",
  URL =          "http://www.can.nl/Systems_and_Packages/Per_Purpose/General/Maple/mtn/mtn10.html",
  acknowledgement = ack-nhfb,
}

@Article{Strehl:1993:BSI,
  author =       "Volker Strehl",
  title =        "Binomial Sums and Identities",
  journal =      j-MAPLE-TECH-NEWS,
  volume =       "0",
  number =       "10",
  pages =        "37--49",
  month =        "Fall",
  year =         "1993",
  ISSN =         "1061-5733",
  bibdate =      "Fri May 09 22:33:19 1997",
  URL =          "http://www.can.nl/Systems_and_Packages/Per_Purpose/General/Maple/mtn/mtn10.html",
  acknowledgement = ack-nhfb,
}

@Article{Taylor:1993:TME,
  author =       "Ross Taylor and Michael B. Monagan",
  title =        "Thermodynamics with {Maple}: {I}, Equations of State",
  journal =      j-MAPLE-TECH-NEWS,
  volume =       "0",
  number =       "10",
  pages =        "50--59",
  month =        "Fall",
  year =         "1993",
  ISSN =         "1061-5733",
  bibdate =      "Fri May 09 22:33:19 1997",
  URL =          "http://www.can.nl/Systems_and_Packages/Per_Purpose/General/Maple/mtn/mtn10.html",
  note =         "See also \cite{Taylor:1994:TMV,Adams:1994:TMI,Taylor:1996:TMI}.",
  acknowledgement = ack-nhfb,
}

@Article{Kloeden:1993:CSN,
  author =       "Peter E. Kloeden and William D. Scott",
  title =        "Construction of Stochastic Numerical Schemes through
                 {Maple}",
  journal =      j-MAPLE-TECH-NEWS,
  volume =       "0",
  number =       "10",
  pages =        "60--65",
  month =        "Fall",
  year =         "1993",
  ISSN =         "1061-5733",
  bibdate =      "Fri May 09 22:33:19 1997",
  URL =          "http://www.can.nl/Systems_and_Packages/Per_Purpose/General/Maple/mtn/mtn10.html",
  acknowledgement = ack-nhfb,
}

@Article{Gourdon:1993:COM,
  author =       "Xavier Gourdon and Bruno Salvy",
  title =        "Computing one million digits of $\sqrt(2)$",
  journal =      j-MAPLE-TECH-NEWS,
  volume =       "0",
  number =       "10",
  pages =        "66--71",
  month =        "Fall",
  year =         "1993",
  ISSN =         "1061-5733",
  bibdate =      "Fri May 09 22:33:19 1997",
  URL =          "http://www.can.nl/Systems_and_Packages/Per_Purpose/General/Maple/mtn/mtn10.html",
  acknowledgement = ack-nhfb,
}

@Article{Herod:1993:MHI,
  author =       "James V. Herod",
  title =        "A Model for an {HIV} Infection",
  journal =      j-MAPLE-TECH-NEWS,
  volume =       "0",
  number =       "10",
  pages =        "72--78",
  month =        "Fall",
  year =         "1993",
  ISSN =         "1061-5733",
  bibdate =      "Fri May 09 22:33:19 1997",
  URL =          "http://www.can.nl/Systems_and_Packages/Per_Purpose/General/Maple/mtn/mtn10.html",
  acknowledgement = ack-nhfb,
}

@Article{Porciello:1993:AMO,
  author =       "G. Pino Porciello and Tom Lee",
  title =        "Application of {Maple} in Optimal Control Systems
                 Design and Analysis",
  journal =      j-MAPLE-TECH-NEWS,
  volume =       "0",
  number =       "10",
  pages =        "79--84",
  month =        "Fall",
  year =         "1993",
  ISSN =         "1061-5733",
  bibdate =      "Fri May 09 22:33:19 1997",
  URL =          "http://www.can.nl/Systems_and_Packages/Per_Purpose/General/Maple/mtn/mtn10.html",
  acknowledgement = ack-nhfb,
}

@Article{Gruntz:1993:FMUa,
  author =       "Dominik Gruntz",
  title =        "Formula Manipulation using {Maple}",
  journal =      j-MAPLE-TECH-NEWS,
  volume =       "0",
  number =       "10",
  pages =        "85--92",
  month =        "Fall",
  year =         "1993",
  ISSN =         "1061-5733",
  bibdate =      "Fri May 09 22:33:19 1997",
  URL =          "http://www.can.nl/Systems_and_Packages/Per_Purpose/General/Maple/mtn/mtn10.html",
  acknowledgement = ack-nhfb,
}

@Article{Gruntz:1993:FMUb,
  author =       "Anonymous",
  title =        "Guidelines for Authors",
  journal =      j-MAPLE-TECH-NEWS,
  volume =       "0",
  number =       "10",
  pages =        "93--93",
  month =        "Fall",
  year =         "1993",
  ISSN =         "1061-5733",
  bibdate =      "Fri May 09 22:33:19 1997",
  acknowledgement = ack-nhfb,
}

@Article{Anonymous:1993:Ab,
  author =       "Anonymous",
  title =        "Acknowledgements",
  journal =      j-MAPLE-TECH-NEWS,
  volume =       "0",
  number =       "10",
  pages =        "94--94",
  month =        "Fall",
  year =         "1993",
  ISSN =         "1061-5733",
  bibdate =      "Fri May 09 22:33:19 1997",
  acknowledgement = ack-nhfb,
}

@Article{Scott:1994:NEa,
  author =       "Tony Scott and Michael Monagan",
  title =        "A Note from the {Editors}",
  journal =      j-MAPLE-TECH-NEWS,
  volume =       "0",
  pages =        "1--1",
  year =         "1994",
  ISSN =         "1061-5733",
  bibdate =      "Fri May 9 18:48:47 MDT 1997",
  note =         "Maple in Mathematics and the Sciences --- A Special
                 issue.",
  acknowledgement = ack-nhfb,
}

@Article{Anonymous:1994:AAT,
  author =       "Anonymous",
  title =        "About the Articles and Their Authors",
  journal =      j-MAPLE-TECH-NEWS,
  volume =       "0",
  pages =        "2--5",
  year =         "1994",
  ISSN =         "1061-5733",
  bibdate =      "Fri May 9 18:48:47 MDT 1997",
  note =         "Maple in Mathematics and the Sciences --- A Special
                 issue.",
  acknowledgement = ack-nhfb,
}

@Article{Granville:1994:SFL,
  author =       "Andrew Granville and Michael Monagan",
  title =        "The Status of {Fermat}'s Last Theorem --- mid 1994",
  journal =      j-MAPLE-TECH-NEWS,
  volume =       "0",
  pages =        "6--9",
  year =         "1994",
  ISSN =         "1061-5733",
  bibdate =      "Fri May 9 18:48:47 MDT 1997",
  note =         "Maple in Mathematics and the Sciences --- A Special
                 issue.",
  acknowledgement = ack-nhfb,
}

@Article{Greenblatt:1994:WE,
  author =       "Seth A. Greenblatt",
  title =        "Wavelets in Econometrics",
  journal =      j-MAPLE-TECH-NEWS,
  volume =       "0",
  pages =        "10--16",
  year =         "1994",
  ISSN =         "1061-5733",
  bibdate =      "Fri May 9 18:48:47 MDT 1997",
  note =         "Maple in Mathematics and the Sciences --- A Special
                 issue.",
  acknowledgement = ack-nhfb,
}

@Article{Russell:1994:SWC,
  author =       "Geoff Russell",
  title =        "Shotgun Wounding Characteristics",
  journal =      j-MAPLE-TECH-NEWS,
  volume =       "0",
  pages =        "17--23",
  year =         "1994",
  ISSN =         "1061-5733",
  bibdate =      "Fri May 9 18:48:47 MDT 1997",
  note =         "Maple in Mathematics and the Sciences --- A Special
                 issue.",
  acknowledgement = ack-nhfb,
}

@Article{Harper:1994:DFE,
  author =       "David Harper and C. D. Murray",
  title =        "Disturbing Function Expansions",
  journal =      j-MAPLE-TECH-NEWS,
  volume =       "0",
  pages =        "24--28",
  year =         "1994",
  ISSN =         "1061-5733",
  bibdate =      "Fri May 9 18:48:47 MDT 1997",
  note =         "Maple in Mathematics and the Sciences --- A Special
                 issue.",
  acknowledgement = ack-nhfb,
}

@Article{Lisser:1994:SKC,
  author =       "Bert Lisser",
  title =        "Solving {Kostant}'s Conjecture Using {Maple}",
  journal =      j-MAPLE-TECH-NEWS,
  volume =       "0",
  pages =        "29--34",
  year =         "1994",
  ISSN =         "1061-5733",
  bibdate =      "Fri May 9 18:48:47 MDT 1997",
  note =         "Maple in Mathematics and the Sciences --- A Special
                 issue.",
  acknowledgement = ack-nhfb,
}

@Article{Wurtz:1994:HPC,
  author =       "D. W{\"u}rtz and M. Monagan and R. Peikert",
  title =        "The History of Packing Circles in a Square",
  journal =      j-MAPLE-TECH-NEWS,
  volume =       "0",
  pages =        "35--42",
  year =         "1994",
  ISSN =         "1061-5733",
  bibdate =      "Fri May 9 18:48:47 MDT 1997",
  note =         "Maple in Mathematics and the Sciences --- A Special
                 issue.",
  acknowledgement = ack-nhfb,
}

@Article{Carminati:1994:AMG,
  author =       "J. Carminati",
  title =        "Application of {Maple} to General Relativity",
  journal =      j-MAPLE-TECH-NEWS,
  volume =       "0",
  pages =        "43--48",
  year =         "1994",
  ISSN =         "1061-5733",
  bibdate =      "Fri May 9 18:48:47 MDT 1997",
  note =         "Maple in Mathematics and the Sciences --- A Special
                 issue.",
  acknowledgement = ack-nhfb,
}

@Article{Scott:1994:AMM,
  author =       "Tony Scott and Greg Fee and Rob Corless and Mike
                 Monagan",
  title =        "Applications of {Maple} to Mathematical, Scientific,
                 and Engineering Problems",
  journal =      j-MAPLE-TECH-NEWS,
  volume =       "0",
  pages =        "49--57",
  year =         "1994",
  ISSN =         "1061-5733",
  bibdate =      "Fri May 9 18:48:47 MDT 1997",
  note =         "Maple in Mathematics and the Sciences --- A Special
                 issue.",
  acknowledgement = ack-nhfb,
}

@Article{Scott:1994:MSE,
  author =       "Tony Scott and Blair Madore and Robert M. Corless",
  title =        "{Maple} in Science Education",
  journal =      j-MAPLE-TECH-NEWS,
  volume =       "0",
  pages =        "58--68",
  year =         "1994",
  ISSN =         "1061-5733",
  bibdate =      "Fri May 9 18:48:47 MDT 1997",
  note =         "Maple in Mathematics and the Sciences --- A Special
                 issue.",
  acknowledgement = ack-nhfb,
}

@Article{Herod:1994:MBM,
  author =       "James V. Herod and Edward K. Yeagers",
  title =        "Mathematics, Biology, and {Maple}",
  journal =      j-MAPLE-TECH-NEWS,
  volume =       "0",
  pages =        "69--76",
  year =         "1994",
  ISSN =         "1061-5733",
  bibdate =      "Fri May 9 18:48:47 MDT 1997",
  note =         "Maple in Mathematics and the Sciences --- A Special
                 issue.",
  acknowledgement = ack-nhfb,
}

@Article{Lopez:1994:SOE,
  author =       "Robert J. Lopez",
  title =        "A Saw-Toothed Oscillator: Exact and Approximate
                 Solutions",
  journal =      j-MAPLE-TECH-NEWS,
  volume =       "0",
  pages =        "77--81",
  year =         "1994",
  ISSN =         "1061-5733",
  bibdate =      "Fri May 9 18:48:47 MDT 1997",
  note =         "Maple in Mathematics and the Sciences --- A Special
                 issue.",
  acknowledgement = ack-nhfb,
}

@Article{Lozano:1994:ITG,
  author =       "Eugenio Roanes Lozano and Eugenio Roanes Macias",
  title =        "An Implementation of ``{Turtle Graphics}'' in {Maple
                 V}",
  journal =      j-MAPLE-TECH-NEWS,
  volume =       "0",
  pages =        "82--85",
  year =         "1994",
  ISSN =         "1061-5733",
  bibdate =      "Fri May 9 18:48:47 MDT 1997",
  note =         "Maple in Mathematics and the Sciences --- A Special
                 issue.",
  acknowledgement = ack-nhfb,
}

%% Refereed rebirth begins with volume 1 number 1, Spring 1994.

@Article{Scott:1994:NEb,
  author =       "Tony Scott and Reid M. Pinchback",
  title =        "A Note from the {Editors}",
  journal =      j-MAPLE-TECH-NEWS,
  volume =       "1",
  number =       "1",
  pages =        "1--3",
  month =        "Spring",
  year =         "1994",
  ISSN =         "1061-5733",
  bibdate =      "Fri May 9 18:48:47 MDT 1997",
  acknowledgement = ack-nhfb,
}

@Article{Anonymous:1994:NA,
  author =       "Anonymous",
  title =        "News and Announcements",
  journal =      j-MAPLE-TECH-NEWS,
  volume =       "1",
  number =       "1",
  pages =        "4--6",
  month =        "Spring",
  year =         "1994",
  ISSN =         "1061-5733",
  bibdate =      "Fri May 9 18:48:47 MDT 1997",
  acknowledgement = ack-nhfb,
}

@Article{Monagan:1994:MVR,
  author =       "Michael Monagan",
  title =        "{Maple V Release 3}",
  journal =      j-MAPLE-TECH-NEWS,
  volume =       "1",
  number =       "1",
  pages =        "7--13",
  month =        "Spring",
  year =         "1994",
  ISSN =         "1061-5733",
  bibdate =      "Fri May 09 22:33:19 1997",
  URL =          "http://www.can.nl/Systems_and_Packages/Per_Purpose/General/Maple/mtn/mtnv1n1.html",
  acknowledgement = ack-nhfb,
}

@Article{Monagan:1994:MSA,
  author =       "Michael Monagan",
  title =        "The {Maple} Share (Applications) Library",
  journal =      j-MAPLE-TECH-NEWS,
  volume =       "1",
  number =       "1",
  pages =        "14--16",
  month =        "Spring",
  year =         "1994",
  ISSN =         "1061-5733",
  bibdate =      "Fri May 09 22:33:19 1997",
  URL =          "http://www.can.nl/Systems_and_Packages/Per_Purpose/General/Maple/mtn/mtnv1n1.html",
  acknowledgement = ack-nhfb,
}

@Article{Monagan:1994:TMUa,
  author =       "Michael B. Monagan",
  title =        "Tips for {Maple} Users",
  journal =      j-MAPLE-TECH-NEWS,
  volume =       "1",
  number =       "1",
  pages =        "17--23",
  month =        "Spring",
  year =         "1994",
  ISSN =         "1061-5733",
  bibdate =      "Fri May 09 22:33:19 1997",
  URL =          "http://www.can.nl/Systems_and_Packages/Per_Purpose/General/Maple/mtn/mtnv1n1.html",
  acknowledgement = ack-nhfb,
}

@Article{Corless:1994:SAF,
  author =       "Robert M. Corless and Michael B. Monagan",
  title =        "Simplification and the {Assume} Facility",
  journal =      j-MAPLE-TECH-NEWS,
  volume =       "1",
  number =       "1",
  pages =        "24--31",
  month =        "Spring",
  year =         "1994",
  ISSN =         "1061-5733",
  bibdate =      "Fri May 09 22:33:19 1997",
  URL =          "http://www.can.nl/Systems_and_Packages/Per_Purpose/General/Maple/mtn/mtnv1n1.html",
  acknowledgement = ack-nhfb,
}

@Article{Karian:1994:RNG,
  author =       "Zaven A. Karian and Rohit Goyal",
  title =        "Random Number Generation and Testing",
  journal =      j-MAPLE-TECH-NEWS,
  volume =       "1",
  number =       "1",
  pages =        "32--37",
  month =        "Spring",
  year =         "1994",
  ISSN =         "1061-5733",
  bibdate =      "Fri May 09 22:33:19 1997",
  URL =          "http://www.can.nl/Systems_and_Packages/Per_Purpose/General/Maple/mtn/mtnv1n1.html",
  acknowledgement = ack-nhfb,
}

@Article{Zimmermann:1994:GPR,
  author =       "Paul Zimmermann",
  title =        "{Ga{\"\i}a}: {A} Package for the Random Generation of
                 Combinatorial Structures",
  journal =      j-MAPLE-TECH-NEWS,
  volume =       "1",
  number =       "1",
  pages =        "38--46",
  month =        "Spring",
  year =         "1994",
  ISSN =         "1061-5733",
  bibdate =      "Fri May 09 22:33:19 1997",
  URL =          "http://www.can.nl/Systems_and_Packages/Per_Purpose/General/Maple/mtn/mtnv1n1.html",
  acknowledgement = ack-nhfb,
}

@Article{Belfiore:1994:KPF,
  author =       "Nicola Pio Belfiore and Ettore Pennestri and Rosario
                 Sinatra",
  title =        "Kinematic and Power-Flow Analysis of Epicyclic Gear
                 Drives",
  journal =      j-MAPLE-TECH-NEWS,
  volume =       "1",
  number =       "1",
  pages =        "47--55",
  month =        "Spring",
  year =         "1994",
  ISSN =         "1061-5733",
  bibdate =      "Fri May 09 22:33:19 1997",
  URL =          "http://www.can.nl/Systems_and_Packages/Per_Purpose/General/Maple/mtn/mtnv1n1.html",
  acknowledgement = ack-nhfb,
}

@Article{Grotendorst:1994:SME,
  author =       "Johannes Grotendorst and Paul Jansen and Siegfried M.
                 Schoberth",
  title =        "On Solving the {McConnell} Equations in Biochemistry",
  journal =      j-MAPLE-TECH-NEWS,
  volume =       "1",
  number =       "1",
  pages =        "63--68",
  month =        "Spring",
  year =         "1994",
  ISSN =         "1061-5733",
  bibdate =      "Fri May 09 22:33:19 1997",
  URL =          "http://www.can.nl/Systems_and_Packages/Per_Purpose/General/Maple/mtn/mtnv1n1.html",
  acknowledgement = ack-nhfb,
}

@Article{Hoffmann:1994:MST,
  author =       "Christine W. U. Hoffmann",
  title =        "Modeling Snow Transport, An Application of {Maple}",
  journal =      j-MAPLE-TECH-NEWS,
  volume =       "1",
  number =       "1",
  pages =        "69--78",
  month =        "Spring",
  year =         "1994",
  ISSN =         "1061-5733",
  bibdate =      "Fri May 09 22:33:19 1997",
  URL =          "http://www.can.nl/Systems_and_Packages/Per_Purpose/General/Maple/mtn/mtnv1n1.html",
  acknowledgement = ack-nhfb,
}

@Article{Scott:1994:MEP,
  author =       "Tony Scott and Michael B. Monagan and Richard Pavelle
                 and Darren Redfern",
  title =        "{Maple} in Education --- {Part II}",
  journal =      j-MAPLE-TECH-NEWS,
  volume =       "1",
  number =       "1",
  pages =        "69--78",
  month =        "Spring",
  year =         "1994",
  ISSN =         "1061-5733",
  bibdate =      "Fri May 09 22:33:19 1997",
  URL =          "http://www.can.nl/Systems_and_Packages/Per_Purpose/General/Maple/mtn/mtnv1n1.html",
  note =         "See also \cite{Pavele:1992:ME}.",
  acknowledgement = ack-nhfb,
}

@Article{Lopez:1994:SDE,
  author =       "Robert J. Lopez",
  title =        "A Separable Differential Equation: New Insights",
  journal =      j-MAPLE-TECH-NEWS,
  volume =       "1",
  number =       "1",
  pages =        "79--82",
  month =        "Spring",
  year =         "1994",
  ISSN =         "1061-5733",
  bibdate =      "Fri May 09 22:33:19 1997",
  URL =          "http://www.can.nl/Systems_and_Packages/Per_Purpose/General/Maple/mtn/mtnv1n1.html",
  acknowledgement = ack-nhfb,
}

@Article{Taylor:1994:TMV,
  author =       "Ross Taylor",
  title =        "Thermodynamics with {Maple V} {II}, Phase Equilibria
                 in Binary Systems",
  journal =      j-MAPLE-TECH-NEWS,
  volume =       "1",
  number =       "1",
  pages =        "83--92",
  month =        "Spring",
  year =         "1994",
  ISSN =         "1061-5733",
  bibdate =      "Fri May 09 22:33:19 1997",
  URL =          "http://www.can.nl/Systems_and_Packages/Per_Purpose/General/Maple/mtn/mtnv1n1.html",
  note =         "See also \cite{Taylor:1993:TME,Adams:1994:TMI,Taylor:1996:TMI}.",
  acknowledgement = ack-nhfb,
}

@Article{Anonymous:1994:GA,
  author =       "Anonymous",
  title =        "Guidelines for Authors",
  journal =      j-MAPLE-TECH-NEWS,
  volume =       "1",
  number =       "1",
  pages =        "93--93",
  month =        "Spring",
  year =         "1994",
  ISSN =         "1061-5733",
  bibdate =      "Fri May 09 22:33:19 1997",
  acknowledgement = ack-nhfb,
}

@Article{Anonymous:1994:A,
  author =       "Anonymous",
  title =        "Acknowledgements",
  journal =      j-MAPLE-TECH-NEWS,
  volume =       "1",
  number =       "1",
  pages =        "94--94",
  month =        "Spring",
  year =         "1994",
  ISSN =         "1061-5733",
  bibdate =      "Fri May 09 22:33:19 1997",
  acknowledgement = ack-nhfb,
}

@Article{Monagan:1994:TMUb,
  author =       "Michael B. Monagan",
  title =        "Tips for {Maple} Users",
  journal =      j-MAPLE-TECH-NEWS,
  volume =       "1",
  number =       "2",
  pages =        "11--18",
  month =        "Fall",
  year =         "1994",
  ISSN =         "1061-5733",
  bibdate =      "Fri May 9 18:48:47 MDT 1997",
  URL =          "http://www.can.nl/Systems_and_Packages/Per_Purpose/General/Maple/mtn/mtnv1n2.html",
  acknowledgement = ack-nhfb,
}

@Article{Gruntz:1994:ISM,
  author =       "Dominik Gruntz",
  title =        "Infinite Structures in {Maple}",
  journal =      j-MAPLE-TECH-NEWS,
  volume =       "1",
  number =       "2",
  pages =        "19--30",
  month =        "Fall",
  year =         "1994",
  ISSN =         "1061-5733",
  bibdate =      "Fri May 9 18:48:47 MDT 1997",
  URL =          "http://www.can.nl/Systems_and_Packages/Per_Purpose/General/Maple/mtn/mtnv1n2.html",
  acknowledgement = ack-nhfb,
}

@Article{Pintur:1994:MAD,
  author =       "David A. Pintur",
  title =        "{MathEdge}: The Application Development Toolkit for
                 {Maple}",
  journal =      j-MAPLE-TECH-NEWS,
  volume =       "1",
  number =       "2",
  pages =        "31--38",
  month =        "Fall",
  year =         "1994",
  ISSN =         "1061-5733",
  bibdate =      "Fri May 9 18:48:47 MDT 1997",
  URL =          "http://www.can.nl/Systems_and_Packages/Per_Purpose/General/Maple/mtn/mtnv1n2.html",
  acknowledgement = ack-nhfb,
}

@Article{Kraft:1994:MSR,
  author =       "Dieter Kraft",
  title =        "Modeling and Simulating Robots in {Maple}",
  journal =      j-MAPLE-TECH-NEWS,
  volume =       "1",
  number =       "2",
  pages =        "39--47",
  month =        "Fall",
  year =         "1994",
  ISSN =         "1061-5733",
  bibdate =      "Fri May 9 18:48:47 MDT 1997",
  URL =          "http://www.can.nl/Systems_and_Packages/Per_Purpose/General/Maple/mtn/mtnv1n2.html",
  acknowledgement = ack-nhfb,
}

@Article{Stayman:1994:MIN,
  author =       "J. W. Stayman and Mark H. Holmes",
  title =        "{Maple}: as an Interface for Numerically Solving
                 Chemical Kinetic Equations",
  journal =      j-MAPLE-TECH-NEWS,
  volume =       "1",
  number =       "2",
  pages =        "48--54",
  month =        "Fall",
  year =         "1994",
  ISSN =         "1061-5733",
  bibdate =      "Fri May 9 18:48:47 MDT 1997",
  URL =          "http://www.can.nl/Systems_and_Packages/Per_Purpose/General/Maple/mtn/mtnv1n2.html",
  acknowledgement = ack-nhfb,
}

@Article{Isbister:1994:QMM,
  author =       "Dennis Isbister",
  title =        "Quantum Mechanics and {Maple}: The rotation matrix
                 functions $d^l_{mn}(\beta)$, $3$-j and $6$-j symbols",
  journal =      j-MAPLE-TECH-NEWS,
  volume =       "1",
  number =       "2",
  pages =        "55--61",
  month =        "Fall",
  year =         "1994",
  ISSN =         "1061-5733",
  bibdate =      "Fri May 9 18:48:47 MDT 1997",
  URL =          "http://www.can.nl/Systems_and_Packages/Per_Purpose/General/Maple/mtn/mtnv1n2.html",
  acknowledgement = ack-nhfb,
}

@Article{Ditteon:1994:UMS,
  author =       "Richard Ditteon",
  title =        "Using {Maple} in the Selection of Glasses for
                 Telescope Objectives",
  journal =      j-MAPLE-TECH-NEWS,
  volume =       "1",
  number =       "2",
  pages =        "62--67",
  month =        "Fall",
  year =         "1994",
  ISSN =         "1061-5733",
  bibdate =      "Fri May 9 18:48:47 MDT 1997",
  URL =          "http://www.can.nl/Systems_and_Packages/Per_Purpose/General/Maple/mtn/mtnv1n2.html",
  acknowledgement = ack-nhfb,
}

@Article{Adams:1994:TMI,
  author =       "Steve A. Adams and Ross Taylor",
  title =        "Thermodynamics with {Maple}: {III} Thermodynamic
                 Property Relations and the {Maxwell} Equations",
  journal =      j-MAPLE-TECH-NEWS,
  volume =       "1",
  number =       "2",
  pages =        "68--81",
  month =        "Fall",
  year =         "1994",
  ISSN =         "1061-5733",
  bibdate =      "Fri May 9 18:48:47 MDT 1997",
  URL =          "http://www.can.nl/Systems_and_Packages/Per_Purpose/General/Maple/mtn/mtnv1n2.html",
  note =         "See also \cite{Taylor:1993:TME,Taylor:1994:TMV,Taylor:1996:TMI}.",
  acknowledgement = ack-nhfb,
}

@Article{Feigelstock:1994:IGC,
  author =       "Shalom Feigelstock",
  title =        "Isomers, Groups, and Combinatorics",
  journal =      j-MAPLE-TECH-NEWS,
  volume =       "1",
  number =       "2",
  pages =        "82--85",
  month =        "Fall",
  year =         "1994",
  ISSN =         "1061-5733",
  bibdate =      "Fri May 9 18:48:47 MDT 1997",
  URL =          "http://www.can.nl/Systems_and_Packages/Per_Purpose/General/Maple/mtn/mtnv1n2.html",
  acknowledgement = ack-nhfb,
}

@Article{Hausen:1994:GPL,
  author =       "J{\"u}rgen Hausen",
  title =        "Generating Problems in Linear Algebra",
  journal =      j-MAPLE-TECH-NEWS,
  volume =       "1",
  number =       "2",
  pages =        "86--??",
  month =        "Fall",
  year =         "1994",
  ISSN =         "1061-5733",
  bibdate =      "Fri May 9 18:48:47 MDT 1997",
  URL =          "http://www.can.nl/Systems_and_Packages/Per_Purpose/General/Maple/mtn/mtnv1n2.html",
  acknowledgement = ack-nhfb,
}

@Article{Monagan:1995:TMUa,
  author =       "M. B. Monagan",
  title =        "Tips for {Maple} Users and Programmers",
  journal =      j-MAPLE-TECH-NEWS,
  volume =       "2",
  number =       "1",
  pages =        "??--??",
  month =        "Spring",
  year =         "1995",
  ISSN =         "1061-5733",
  bibdate =      "Sat May 10 00:25:29 1997",
  URL =          "http://web.mit.edu/afs/athena.mit.edu/software/maple/www/plibrary/mtn/mtn-v2n1.html",
  acknowledgement = ack-nhfb,
}

@Article{Labahn:1995:SLD,
  author =       "G. Labahn",
  title =        "Solving Linear Differential Equations in {Maple}",
  journal =      j-MAPLE-TECH-NEWS,
  volume =       "2",
  number =       "1",
  pages =        "??--??",
  month =        "Spring",
  year =         "1995",
  ISSN =         "1061-5733",
  bibdate =      "Sat May 10 00:25:29 1997",
  URL =          "http://web.mit.edu/afs/athena.mit.edu/software/maple/www/plibrary/mtn/mtn-v2n1.html",
  acknowledgement = ack-nhfb,
}

@Article{Pirastu:1995:AIS,
  author =       "R. Pirastu",
  title =        "Algorithms for Indefinite Summation of Rational
                 Functions in {Maple}",
  journal =      j-MAPLE-TECH-NEWS,
  volume =       "2",
  number =       "1",
  pages =        "??--??",
  month =        "Spring",
  year =         "1995",
  ISSN =         "1061-5733",
  bibdate =      "Sat May 10 00:25:29 1997",
  URL =          "http://web.mit.edu/afs/athena.mit.edu/software/maple/www/plibrary/mtn/mtn-v2n1.html",
  acknowledgement = ack-nhfb,
}

@Article{Ayotte:1995:SCG,
  author =       "K. W. Ayotte",
  title =        "Source Code Generation for Linear and Non-linear
                 Numerical Models using {Maple}",
  journal =      j-MAPLE-TECH-NEWS,
  volume =       "2",
  number =       "1",
  pages =        "??--??",
  month =        "Spring",
  year =         "1995",
  ISSN =         "1061-5733",
  bibdate =      "Sat May 10 00:25:29 1997",
  URL =          "http://web.mit.edu/afs/athena.mit.edu/software/maple/www/plibrary/mtn/mtn-v2n1.html",
  acknowledgement = ack-nhfb,
}

@Article{Lopez:1995:PGE,
  author =       "N. E. Abrouk and R. J. Lopez",
  title =        "Population Genetics: Estimation of Distributions
                 Through Systems of Non-linear Differential Equations",
  journal =      j-MAPLE-TECH-NEWS,
  volume =       "2",
  number =       "1",
  pages =        "??--??",
  month =        "Spring",
  year =         "1995",
  ISSN =         "1061-5733",
  bibdate =      "Sat May 10 00:25:29 1997",
  URL =          "http://web.mit.edu/afs/athena.mit.edu/software/maple/www/plibrary/mtn/mtn-v2n1.html",
  acknowledgement = ack-nhfb,
}

@Article{Halling:1995:CPD,
  author =       "Z. Shung-Ren and J. Grotendorst and H. Halling",
  title =        "Calculation of the Potential Distribution for a
                 Three-Layer Spherical Volume Conductor",
  journal =      j-MAPLE-TECH-NEWS,
  volume =       "2",
  number =       "1",
  pages =        "??--??",
  month =        "Spring",
  year =         "1995",
  ISSN =         "1061-5733",
  bibdate =      "Sat May 10 00:25:29 1997",
  URL =          "http://web.mit.edu/afs/athena.mit.edu/software/maple/www/plibrary/mtn/mtn-v2n1.html",
  acknowledgement = ack-nhfb,
}

@Article{Meade:1995:NGS,
  author =       "D. B. Meade",
  title =        "Numerical, Graphical and Symbolic Analysis of
                 {Bernoulli} Equations",
  journal =      j-MAPLE-TECH-NEWS,
  volume =       "2",
  number =       "1",
  pages =        "??--??",
  month =        "Spring",
  year =         "1995",
  ISSN =         "1061-5733",
  bibdate =      "Sat May 10 00:25:29 1997",
  URL =          "http://web.mit.edu/afs/athena.mit.edu/software/maple/www/plibrary/mtn/mtn-v2n1.html",
  acknowledgement = ack-nhfb,
}

@Article{Mohseni:1995:EFM,
  author =       "P. Mohseni",
  title =        "{EM} Field Modeling using {Maple}",
  journal =      j-MAPLE-TECH-NEWS,
  volume =       "2",
  number =       "1",
  pages =        "??--??",
  month =        "Spring",
  year =         "1995",
  ISSN =         "1061-5733",
  bibdate =      "Sat May 10 00:25:29 1997",
  URL =          "http://web.mit.edu/afs/athena.mit.edu/software/maple/www/plibrary/mtn/mtn-v2n1.html",
  acknowledgement = ack-nhfb,
}

@Article{Hammer:1995:IDC,
  author =       "P. W. Hammer",
  title =        "Identification of Diffusion Coefficients in the Heat
                 Equation using {Maple}",
  journal =      j-MAPLE-TECH-NEWS,
  volume =       "2",
  number =       "1",
  pages =        "??--??",
  month =        "Spring",
  year =         "1995",
  ISSN =         "1061-5733",
  bibdate =      "Sat May 10 00:25:29 1997",
  URL =          "http://web.mit.edu/afs/athena.mit.edu/software/maple/www/plibrary/mtn/mtn-v2n1.html",
  acknowledgement = ack-nhfb,
}

@Article{Monagan:1995:MVR,
  author =       "M. B. Monagan",
  title =        "The {Maple V Release 4} Math Engine",
  journal =      j-MAPLE-TECH-NEWS,
  volume =       "2",
  number =       "2",
  pages =        "??--??",
  month =        "Fall",
  year =         "1995",
  ISSN =         "1061-5733",
  bibdate =      "Sat May 10 00:25:29 1997",
  URL =          "http://web.mit.edu/afs/athena.mit.edu/software/maple/www/plibrary/mtn/mtn-v2n2.html",
  acknowledgement = ack-nhfb,
}

@Article{Monagan:1995:TMUb,
  author =       "M. B. Monagan",
  title =        "Tips for {Maple} Users and Programmers",
  journal =      j-MAPLE-TECH-NEWS,
  volume =       "2",
  number =       "2",
  pages =        "??--??",
  month =        "Fall",
  year =         "1995",
  ISSN =         "1061-5733",
  bibdate =      "Sat May 10 00:25:29 1997",
  URL =          "http://web.mit.edu/afs/athena.mit.edu/software/maple/www/plibrary/mtn/mtn-v2n2.html",
  acknowledgement = ack-nhfb,
}

@Article{Koepf:1995:MPF,
  author =       "D. Gruntz and W. Koepf",
  title =        "{Maple} Package on Formal Power Series",
  journal =      j-MAPLE-TECH-NEWS,
  volume =       "2",
  number =       "2",
  pages =        "??--??",
  month =        "Fall",
  year =         "1995",
  ISSN =         "1061-5733",
  bibdate =      "Sat May 10 00:25:29 1997",
  URL =          "http://web.mit.edu/afs/athena.mit.edu/software/maple/www/plibrary/mtn/mtn-v2n2.html",
  acknowledgement = ack-nhfb,
}

@Article{Bulow:1995:MPA,
  author =       "E. S. Cheb-Terrab and K. von B{\"u}low",
  title =        "A {Maple 5.3} Package for the Analytical Solving of
                 Partial Differential Equations",
  journal =      j-MAPLE-TECH-NEWS,
  volume =       "2",
  number =       "2",
  pages =        "??--??",
  month =        "Fall",
  year =         "1995",
  ISSN =         "1061-5733",
  bibdate =      "Sat May 10 00:25:29 1997",
  URL =          "http://web.mit.edu/afs/athena.mit.edu/software/maple/www/plibrary/mtn/mtn-v2n2.html",
  acknowledgement = ack-nhfb,
}

@Article{Loeb:1995:IUC,
  author =       "A. Bottreau and A. Di Bucchianico and D. Loeb",
  title =        "Implementation of an Umbral Calculus Package",
  journal =      j-MAPLE-TECH-NEWS,
  volume =       "2",
  number =       "2",
  pages =        "??--??",
  month =        "Fall",
  year =         "1995",
  ISSN =         "1061-5733",
  bibdate =      "Sat May 10 00:25:29 1997",
  URL =          "http://web.mit.edu/afs/athena.mit.edu/software/maple/www/plibrary/mtn/mtn-v2n2.html",
  acknowledgement = ack-nhfb,
}

@Article{Ceballos:1995:MRR,
  author =       "L. Gonzalez-Vega and L. Ceballos",
  title =        "Manipulation of Real Roots of Polynomials: Isolating
                 Intervals or Thom's Codes",
  journal =      j-MAPLE-TECH-NEWS,
  volume =       "2",
  number =       "2",
  pages =        "??--??",
  month =        "Fall",
  year =         "1995",
  ISSN =         "1061-5733",
  bibdate =      "Sat May 10 00:25:29 1997",
  URL =          "http://web.mit.edu/afs/athena.mit.edu/software/maple/www/plibrary/mtn/mtn-v2n2.html",
  acknowledgement = ack-nhfb,
}

@Article{Briggs:1995:FPS,
  author =       "K. Briggs",
  title =        "Formal Power Series Solution of Functional Equations",
  journal =      j-MAPLE-TECH-NEWS,
  volume =       "2",
  number =       "2",
  pages =        "??--??",
  month =        "Fall",
  year =         "1995",
  ISSN =         "1061-5733",
  bibdate =      "Sat May 10 00:25:29 1997",
  URL =          "http://web.mit.edu/afs/athena.mit.edu/software/maple/www/plibrary/mtn/mtn-v2n2.html",
  acknowledgement = ack-nhfb,
}

@Article{Fariborz:1995:FFE,
  author =       "A. H. Fariborz",
  title =        "A Form Factor Evaluation in Heavy Meson Decay",
  journal =      j-MAPLE-TECH-NEWS,
  volume =       "2",
  number =       "2",
  pages =        "??--??",
  month =        "Fall",
  year =         "1995",
  ISSN =         "1061-5733",
  bibdate =      "Sat May 10 00:25:29 1997",
  URL =          "http://web.mit.edu/afs/athena.mit.edu/software/maple/www/plibrary/mtn/mtn-v2n2.html",
  acknowledgement = ack-nhfb,
}

@Article{Czapor:1995:MES,
  author =       "S. R. Czapor",
  title =        "{Maple} and Exact Solutions of {Einstein}'s Equations",
  journal =      j-MAPLE-TECH-NEWS,
  volume =       "2",
  number =       "2",
  pages =        "??--??",
  month =        "Fall",
  year =         "1995",
  ISSN =         "1061-5733",
  bibdate =      "Sat May 10 00:25:29 1997",
  URL =          "http://web.mit.edu/afs/athena.mit.edu/software/maple/www/plibrary/mtn/mtn-v2n2.html",
  acknowledgement = ack-nhfb,
}

@Article{Salvy:1995:MPC,
  author =       "P. Dumas and B. Salvy",
  title =        "{Maple} and the {Putnam Competition}",
  journal =      j-MAPLE-TECH-NEWS,
  volume =       "2",
  number =       "2",
  pages =        "??--??",
  month =        "Fall",
  year =         "1995",
  ISSN =         "1061-5733",
  bibdate =      "Sat May 10 00:25:29 1997",
  URL =          "http://web.mit.edu/afs/athena.mit.edu/software/maple/www/plibrary/mtn/mtn-v2n2.html",
  acknowledgement = ack-nhfb,
}

@Article{Hausen:1995:GPL,
  author =       "J. Hausen",
  title =        "Generating Problems in Linear Algebra {II}",
  journal =      j-MAPLE-TECH-NEWS,
  volume =       "2",
  number =       "2",
  pages =        "??--??",
  month =        "Fall",
  year =         "1995",
  ISSN =         "1061-5733",
  bibdate =      "Sat May 10 00:25:29 1997",
  URL =          "http://web.mit.edu/afs/athena.mit.edu/software/maple/www/plibrary/mtn/mtn-v2n2.html",
  acknowledgement = ack-nhfb,
}

@Article{Hirst:1995:IEI,
  author =       "W. C. Bauldry and H. P. Hirst",
  title =        "Investigating Eigensystems in an Introductory Linear
                 Algebra Course",
  journal =      j-MAPLE-TECH-NEWS,
  volume =       "2",
  number =       "2",
  pages =        "??--??",
  month =        "Fall",
  year =         "1995",
  ISSN =         "1061-5733",
  bibdate =      "Sat May 10 00:25:29 1997",
  URL =          "http://web.mit.edu/afs/athena.mit.edu/software/maple/www/plibrary/mtn/mtn-v2n2.html",
  acknowledgement = ack-nhfb,
}

@Article{Corless:1996:SEM,
  author =       "R. M. Corless",
  title =        "Simple Engineering Mathematics with {Maple}",
  journal =      j-MAPLE-TECH-NEWS,
  volume =       "3",
  number =       "1",
  pages =        "??--??",
  month =        "????",
  year =         "1996",
  ISSN =         "1061-5733",
  bibdate =      "Sat May 10 00:25:29 1997",
  note =         "Special Issue featuring Engineering Applications.",
  URL =          "http://web.mit.edu/afs/athena.mit.edu/software/maple/www/plibrary/mtn/mtn-v3n1.html",
  acknowledgement = ack-nhfb,
}

@Article{Lee:1996:MVR,
  author =       "T. Lee",
  title =        "{Maple V Release 4}: New Features for Engineers and
                 Scientists",
  journal =      j-MAPLE-TECH-NEWS,
  volume =       "3",
  number =       "1",
  pages =        "??--??",
  month =        "????",
  year =         "1996",
  ISSN =         "1061-5733",
  bibdate =      "Sat May 10 00:25:29 1997",
  note =         "Special Issue featuring Engineering Applications.",
  URL =          "http://web.mit.edu/afs/athena.mit.edu/software/maple/www/plibrary/mtn/mtn-v3n1.html",
  acknowledgement = ack-nhfb,
}

@Article{Capolsini:1996:MMC,
  author =       "P. Capolsini and C. Gomez",
  title =        "{MacroC} and {Macrofort}: {C} and {Fortran} Code
                 Generation within {Maple}",
  journal =      j-MAPLE-TECH-NEWS,
  volume =       "3",
  number =       "1",
  pages =        "??--??",
  month =        "????",
  year =         "1996",
  ISSN =         "1061-5733",
  bibdate =      "Sat May 10 00:25:29 1997",
  note =         "Special Issue featuring Engineering Applications.",
  URL =          "http://web.mit.edu/afs/athena.mit.edu/software/maple/www/plibrary/mtn/mtn-v3n1.html",
  acknowledgement = ack-nhfb,
}

@Article{Layton:1996:IMM,
  author =       "J. B. Layton and J. H. Kane",
  title =        "Integrating {MathEdge} with Multimedia for Instruction
                 in Engineering",
  journal =      j-MAPLE-TECH-NEWS,
  volume =       "3",
  number =       "1",
  pages =        "??--??",
  month =        "????",
  year =         "1996",
  ISSN =         "1061-5733",
  bibdate =      "Sat May 10 00:25:29 1997",
  note =         "Special Issue featuring Engineering Applications.",
  URL =          "http://web.mit.edu/afs/athena.mit.edu/software/maple/www/plibrary/mtn/mtn-v3n1.html",
  acknowledgement = ack-nhfb,
}

@Article{Riel:1996:SSC,
  author =       "J. Riel",
  title =        "{Syrup} --- {A} Symbolic Circuit Analyzer",
  journal =      j-MAPLE-TECH-NEWS,
  volume =       "3",
  number =       "1",
  pages =        "??--??",
  month =        "????",
  year =         "1996",
  ISSN =         "1061-5733",
  bibdate =      "Sat May 10 00:25:29 1997",
  note =         "Special Issue featuring Engineering Applications.",
  URL =          "http://web.mit.edu/afs/athena.mit.edu/software/maple/www/plibrary/mtn/mtn-v3n1.html",
  acknowledgement = ack-nhfb,
}

@Article{Heinle:1996:SAM,
  author =       "F. Heinle and R. Reng and G. Runze",
  title =        "Symbolic Analysis of Multirate Systems",
  journal =      j-MAPLE-TECH-NEWS,
  volume =       "3",
  number =       "1",
  pages =        "??--??",
  month =        "????",
  year =         "1996",
  ISSN =         "1061-5733",
  bibdate =      "Sat May 10 00:25:29 1997",
  note =         "Special Issue featuring Engineering Applications.",
  URL =          "http://web.mit.edu/afs/athena.mit.edu/software/maple/www/plibrary/mtn/mtn-v3n1.html",
  acknowledgement = ack-nhfb,
}

@Article{Piedboeuf:1996:MFR,
  author =       "J.-C. Piedboeuf",
  title =        "Modelling Flexible Robots with {Maple}",
  journal =      j-MAPLE-TECH-NEWS,
  volume =       "3",
  number =       "1",
  pages =        "??--??",
  month =        "????",
  year =         "1996",
  ISSN =         "1061-5733",
  bibdate =      "Sat May 10 00:25:29 1997",
  note =         "Special Issue featuring Engineering Applications.",
  URL =          "http://web.mit.edu/afs/athena.mit.edu/software/maple/www/plibrary/mtn/mtn-v3n1.html",
  acknowledgement = ack-nhfb,
}

@Article{McPhee:1996:ASA,
  author =       "J. McPhee and C. Wells",
  title =        "Automated Symbolic Analysis of Mechanical System
                 Dynamics",
  journal =      j-MAPLE-TECH-NEWS,
  volume =       "3",
  number =       "1",
  pages =        "??--??",
  month =        "????",
  year =         "1996",
  ISSN =         "1061-5733",
  bibdate =      "Sat May 10 00:25:29 1997",
  note =         "Special Issue featuring Engineering Applications.",
  URL =          "http://web.mit.edu/afs/athena.mit.edu/software/maple/www/plibrary/mtn/mtn-v3n1.html",
  acknowledgement = ack-nhfb,
}

@Article{RuizS:1996:UGB,
  author =       "O. E. {Ruiz S.} and P. M. Ferreira",
  title =        "Using {Gr{\"o}bner} Bases in Kinematic Analysis of
                 Mechanisms",
  journal =      j-MAPLE-TECH-NEWS,
  volume =       "3",
  number =       "1",
  pages =        "??--??",
  month =        "????",
  year =         "1996",
  ISSN =         "1061-5733",
  bibdate =      "Sat May 10 00:25:29 1997",
  note =         "Special Issue featuring Engineering Applications.",
  URL =          "http://web.mit.edu/afs/athena.mit.edu/software/maple/www/plibrary/mtn/mtn-v3n1.html",
  acknowledgement = ack-nhfb,
}

@Article{Mulcahy:1996:BCS,
  author =       "C. Mulcahy",
  title =        "The Basic Curves and Surfaces of Computer Aided
                 Geometric Design",
  journal =      j-MAPLE-TECH-NEWS,
  volume =       "3",
  number =       "1",
  pages =        "??--??",
  month =        "????",
  year =         "1996",
  ISSN =         "1061-5733",
  bibdate =      "Sat May 10 00:25:29 1997",
  note =         "Special Issue featuring Engineering Applications.",
  URL =          "http://web.mit.edu/afs/athena.mit.edu/software/maple/www/plibrary/mtn/mtn-v3n1.html",
  acknowledgement = ack-nhfb,
}

@Article{Pennestri:1996:DCM,
  author =       "E. Pennestri and V. Falasca",
  title =        "Design of Cam Mechanisms Using {Maple}",
  journal =      j-MAPLE-TECH-NEWS,
  volume =       "3",
  number =       "1",
  pages =        "??--??",
  month =        "????",
  year =         "1996",
  ISSN =         "1061-5733",
  bibdate =      "Sat May 10 00:25:29 1997",
  note =         "Special Issue featuring Engineering Applications.",
  URL =          "http://web.mit.edu/afs/athena.mit.edu/software/maple/www/plibrary/mtn/mtn-v3n1.html",
  acknowledgement = ack-nhfb,
}

@Article{Bohoris:1996:WPP,
  author =       "G. Bohoris and P. A. Kostagiolas",
  title =        "{Weibull} Probability Plot and Maximum Likelihood
                 Estimation of its Parameters",
  journal =      j-MAPLE-TECH-NEWS,
  volume =       "3",
  number =       "1",
  pages =        "??--??",
  month =        "????",
  year =         "1996",
  ISSN =         "1061-5733",
  bibdate =      "Sat May 10 00:25:29 1997",
  note =         "Special Issue featuring Engineering Applications.",
  URL =          "http://web.mit.edu/afs/athena.mit.edu/software/maple/www/plibrary/mtn/mtn-v3n1.html",
  acknowledgement = ack-nhfb,
}

@Article{Meade:1996:STS,
  author =       "D. Meade and B. Haran and R. White",
  title =        "The Shooting Technique for the Solution of Two-point
                 Boundary Value Problems",
  journal =      j-MAPLE-TECH-NEWS,
  volume =       "3",
  number =       "1",
  pages =        "??--??",
  month =        "????",
  year =         "1996",
  ISSN =         "1061-5733",
  bibdate =      "Sat May 10 00:25:29 1997",
  note =         "Special Issue featuring Engineering Applications.",
  URL =          "http://web.mit.edu/afs/athena.mit.edu/software/maple/www/plibrary/mtn/mtn-v3n1.html",
  acknowledgement = ack-nhfb,
}

@Article{Ogunye:1996:PCS,
  author =       "A. Ogunye",
  title =        "Process Control and Symbolic Computation: An Overview
                 with {Maple V}",
  journal =      j-MAPLE-TECH-NEWS,
  volume =       "3",
  number =       "1",
  pages =        "??--??",
  month =        "????",
  year =         "1996",
  ISSN =         "1061-5733",
  bibdate =      "Sat May 10 00:25:29 1997",
  note =         "Special Issue featuring Engineering Applications.",
  URL =          "http://web.mit.edu/afs/athena.mit.edu/software/maple/www/plibrary/mtn/mtn-v3n1.html",
  acknowledgement = ack-nhfb,
}

@Article{Pinchback:1996:MWW,
  author =       "R. M. Pinchback",
  title =        "{Maple} and the {World Wide Web}",
  journal =      j-MAPLE-TECH-NEWS,
  volume =       "3",
  number =       "2",
  pages =        "??--??",
  month =        nov,
  year =         "1996",
  ISSN =         "1061-5733",
  bibdate =      "Sat May 10 00:25:29 1997",
  URL =          "http://web.mit.edu/afs/athena.mit.edu/software/maple/www/plibrary/mtn/mtn-v3n2.html",
  acknowledgement = ack-nhfb,
}

@Article{Howlett:1996:MVR,
  author =       "C. Howlett and T. Tyhurst",
  title =        "The {Maple V Release 4} Graphical User Interface",
  journal =      j-MAPLE-TECH-NEWS,
  volume =       "3",
  number =       "2",
  pages =        "??--??",
  month =        nov,
  year =         "1996",
  ISSN =         "1061-5733",
  bibdate =      "Sat May 10 00:25:29 1997",
  URL =          "http://web.mit.edu/afs/athena.mit.edu/software/maple/www/plibrary/mtn/mtn-v3n2.html",
  acknowledgement = ack-nhfb,
}

@Article{Koepf:1996:SM,
  author =       "W. Koepf",
  title =        "Summation in {Maple}",
  journal =      j-MAPLE-TECH-NEWS,
  volume =       "3",
  number =       "2",
  pages =        "??--??",
  month =        nov,
  year =         "1996",
  ISSN =         "1061-5733",
  bibdate =      "Sat May 10 00:25:29 1997",
  URL =          "http://web.mit.edu/afs/athena.mit.edu/software/maple/www/plibrary/mtn/mtn-v3n2.html",
  acknowledgement = ack-nhfb,
}

@Article{Mansfield:1996:DAP,
  author =       "E. Mansfield",
  title =        "The Differential Algebra Package: {\tt diffgrob2}",
  journal =      j-MAPLE-TECH-NEWS,
  volume =       "3",
  number =       "2",
  pages =        "??--??",
  month =        nov,
  year =         "1996",
  ISSN =         "1061-5733",
  bibdate =      "Sat May 10 00:25:29 1997",
  URL =          "http://web.mit.edu/afs/athena.mit.edu/software/maple/www/plibrary/mtn/mtn-v3n2.html",
  acknowledgement = ack-nhfb,
}

@Article{Cyganowski:1996:SSD,
  author =       "S. Cyganowski",
  title =        "Solving Stochastic Differential Equations with
                 {MAPLE}",
  journal =      j-MAPLE-TECH-NEWS,
  volume =       "3",
  number =       "2",
  pages =        "??--??",
  month =        nov,
  year =         "1996",
  ISSN =         "1061-5733",
  bibdate =      "Sat May 10 00:25:29 1997",
  URL =          "http://web.mit.edu/afs/athena.mit.edu/software/maple/www/plibrary/mtn/mtn-v3n2.html",
  acknowledgement = ack-nhfb,
}

@Article{Ditteon:1996:SAP,
  author =       "R. Ditteon",
  title =        "Solving the Aberration and Power Equations for the
                 {Cooke} Triplet Lens",
  journal =      j-MAPLE-TECH-NEWS,
  volume =       "3",
  number =       "2",
  pages =        "??--??",
  month =        nov,
  year =         "1996",
  ISSN =         "1061-5733",
  bibdate =      "Sat May 10 00:25:29 1997",
  URL =          "http://web.mit.edu/afs/athena.mit.edu/software/maple/www/plibrary/mtn/mtn-v3n2.html",
  acknowledgement = ack-nhfb,
}

@Article{Taylor:1996:SSD,
  author =       "D. Schwalbe and H. Kooijman and R. Taylor",
  title =        "Solving Stiff Differential Equations and Differential
                 Algebraic Systems with {Maple V}",
  journal =      j-MAPLE-TECH-NEWS,
  volume =       "3",
  number =       "2",
  pages =        "??--??",
  month =        nov,
  year =         "1996",
  ISSN =         "1061-5733",
  bibdate =      "Sat May 10 00:25:29 1997",
  URL =          "http://web.mit.edu/afs/athena.mit.edu/software/maple/www/plibrary/mtn/mtn-v3n2.html",
  acknowledgement = ack-nhfb,
}

@Article{Lopez:1996:TMI,
  author =       "R. Lopez",
  title =        "Tips for {Maple} Instructors",
  journal =      j-MAPLE-TECH-NEWS,
  volume =       "3",
  number =       "2",
  pages =        "??--??",
  month =        nov,
  year =         "1996",
  ISSN =         "1061-5733",
  bibdate =      "Sat May 10 00:25:29 1997",
  URL =          "http://web.mit.edu/afs/athena.mit.edu/software/maple/www/plibrary/mtn/mtn-v3n2.html",
  acknowledgement = ack-nhfb,
}

@Article{Taylor:1996:TMI,
  author =       "R. Taylor",
  title =        "Thermodynamics with {Maple}: {IV}, The Properties of
                 Steam",
  journal =      j-MAPLE-TECH-NEWS,
  volume =       "3",
  number =       "2",
  pages =        "??--??",
  month =        nov,
  year =         "1996",
  ISSN =         "1061-5733",
  bibdate =      "Sat May 10 00:25:29 1997",
  URL =          "http://web.mit.edu/afs/athena.mit.edu/software/maple/www/plibrary/mtn/mtn-v3n2.html",
  note =         "See also \cite{Taylor:1993:TME,Taylor:1994:TMV,Adams:1994:TMI}.",
  acknowledgement = ack-nhfb,
}

@Article{Rybowicz:1996:TME,
  author =       "M. Rybowicz and J.-P. Massia",
  title =        "Teaching {Maple} to Engineering Students",
  journal =      j-MAPLE-TECH-NEWS,
  volume =       "3",
  number =       "2",
  pages =        "??--??",
  month =        nov,
  year =         "1996",
  ISSN =         "1061-5733",
  bibdate =      "Sat May 10 00:25:29 1997",
  URL =          "http://web.mit.edu/afs/athena.mit.edu/software/maple/www/plibrary/mtn/mtn-v3n2.html",
  acknowledgement = ack-nhfb,
}

@Article{Borwein:1997:NEW,
  author =       "Jon Borwein and Michael Monagan",
  title =        "A Note from the {Editors}: Winter 1997, Vol. 4, No.
                 1",
  journal =      j-MAPLE-TECH-NEWS,
  volume =       "4",
  number =       "1",
  pages =        "1--1",
  month =        "Winter",
  year =         "1997",
  ISSN =         "1061-5733",
  bibdate =      "Wed Jul 23 09:11:50 1997",
  acknowledgement = ack-nhfb,
}

@Article{Bauschke:1997:APM,
  author =       "Heinz H. Bauschke and Robert M. Corless",
  title =        "Analyzing a Projection Method with {Maple}",
  journal =      j-MAPLE-TECH-NEWS,
  volume =       "4",
  number =       "1",
  pages =        "2--7",
  month =        "Winter",
  year =         "1997",
  ISSN =         "1061-5733",
  bibdate =      "Wed Jul 23 09:11:50 1997",
  acknowledgement = ack-nhfb,
}

@Article{Poblete:1997:ALL,
  author =       "Patricio V. Poblete and Alfredo Viola and J. Ian
                 Munro",
  title =        "Analyzing the {LCFS} Linear Probing Hashing Algorithm
                 with the Help of Maple",
  journal =      j-MAPLE-TECH-NEWS,
  volume =       "4",
  number =       "1",
  pages =        "8--13",
  month =        "Winter",
  year =         "1997",
  ISSN =         "1061-5733",
  bibdate =      "Wed Jul 23 09:11:50 1997",
  acknowledgement = ack-nhfb,
}

@Article{Gruntz:1997:ADB,
  author =       "Dominik Gruntz",
  title =        "Automatic Differentiation and Bisection",
  journal =      j-MAPLE-TECH-NEWS,
  volume =       "4",
  number =       "1",
  pages =        "14--19",
  month =        "Winter",
  year =         "1997",
  ISSN =         "1061-5733",
  bibdate =      "Wed Jul 23 09:11:50 1997",
  acknowledgement = ack-nhfb,
}

@Article{Borwein:1997:AGM,
  author =       "Jonathan A. Borwein and Petr Lisonek and John A.
                 Macdonald",
  title =        "Arithmetic-Geometric Means Revisited",
  journal =      j-MAPLE-TECH-NEWS,
  volume =       "4",
  number =       "1",
  pages =        "20--27",
  month =        "Winter",
  year =         "1997",
  ISSN =         "1061-5733",
  bibdate =      "Wed Jul 23 09:11:50 1997",
  acknowledgement = ack-nhfb,
}

@Article{Sacchetti:1997:BFL,
  author =       "Andrea Sacchetti",
  title =        "Band functions for the {Lam{\'e}} equation",
  journal =      j-MAPLE-TECH-NEWS,
  volume =       "4",
  number =       "1",
  pages =        "28--33",
  month =        "Winter",
  year =         "1997",
  ISSN =         "1061-5733",
  bibdate =      "Wed Jul 23 09:11:50 1997",
  acknowledgement = ack-nhfb,
}

@Article{Melancon:1997:FIW,
  author =       "Guy Melan{\c{c}}on",
  title =        "Factorizing infinite words using {Maple}",
  journal =      j-MAPLE-TECH-NEWS,
  volume =       "4",
  number =       "1",
  pages =        "34--42",
  month =        "Winter",
  year =         "1997",
  ISSN =         "1061-5733",
  bibdate =      "Wed Jul 23 09:11:50 1997",
  acknowledgement = ack-nhfb,
}

@Article{Krob:1997:ACM,
  author =       "D. Krob and A. Lascoux and B. Leclerc and J.-Y. Thibon
                 and B. C. V. Ung and S. Veigneau",
  title =        "Algebraic Combinatorics with {MAPLE} and {ACE}",
  journal =      j-MAPLE-TECH-NEWS,
  volume =       "4",
  number =       "1",
  pages =        "43--50",
  month =        "Winter",
  year =         "1997",
  ISSN =         "1061-5733",
  bibdate =      "Wed Jul 23 09:11:50 1997",
  acknowledgement = ack-nhfb,
}

@Article{Wald:1997:SUP,
  author =       "Burkhard Wald",
  title =        "The Semigroup of Unary Pairfunctions, Verification of
                 the Group Relations",
  journal =      j-MAPLE-TECH-NEWS,
  volume =       "4",
  number =       "1",
  pages =        "51--54",
  month =        "Winter",
  year =         "1997",
  ISSN =         "1061-5733",
  bibdate =      "Wed Jul 23 09:11:50 1997",
  acknowledgement = ack-nhfb,
}

@Article{Borwein:1997:DEM,
  author =       "Jonathan Borwein and Michael Monagan",
  title =        "Differential Equations in {Maple}: {A} Short
                 Tutorial",
  journal =      j-MAPLE-TECH-NEWS,
  volume =       "4",
  number =       "1",
  pages =        "55--58",
  month =        "Winter",
  year =         "1997",
  ISSN =         "1061-5733",
  bibdate =      "Wed Jul 23 09:11:50 1997",
  acknowledgement = ack-nhfb,
}

@Article{Guidera:1997:TID,
  author =       "Carollyne Guidera and Michael Monagan",
  title =        "Teaching Introductory Differential Equations with
                 {Maple}",
  journal =      j-MAPLE-TECH-NEWS,
  volume =       "4",
  number =       "1",
  pages =        "59--67",
  month =        "Winter",
  year =         "1997",
  ISSN =         "1061-5733",
  bibdate =      "Wed Jul 23 09:11:50 1997",
  acknowledgement = ack-nhfb,
}

@Article{Meade:1997:MPP,
  author =       "Douglas B. Meade",
  title =        "{Mple} and the {Parachute Problem}; Modeling with an
                 Impact",
  journal =      j-MAPLE-TECH-NEWS,
  volume =       "4",
  number =       "1",
  pages =        "68--76",
  month =        "Winter",
  year =         "1997",
  ISSN =         "1061-5733",
  bibdate =      "Wed Jul 23 09:11:50 1997",
  acknowledgement = ack-nhfb,
}

@Article{Promislow:1997:ACM,
  author =       "K. Promislow",
  title =        "Applications of Center Manifolds",
  journal =      j-MAPLE-TECH-NEWS,
  volume =       "4",
  number =       "1",
  pages =        "77--87",
  month =        "Winter",
  year =         "1997",
  ISSN =         "1061-5733",
  bibdate =      "Wed Jul 23 09:11:50 1997",
  acknowledgement = ack-nhfb,
}

@Article{Calpaert:1997:HBM,
  author =       "Jan Calpaert and Douglas Curran",
  title =        "A {Hopf} Bifurcation in a Model of a National
                 Economy",
  journal =      j-MAPLE-TECH-NEWS,
  volume =       "4",
  number =       "1",
  pages =        "88--91",
  month =        "Winter",
  year =         "1997",
  ISSN =         "1061-5733",
  bibdate =      "Wed Jul 23 09:11:50 1997",
  acknowledgement = ack-nhfb,
}

@Article{Holland:1997:GII,
  author =       "Shannon Holland and Matthias Kawski",
  title =        "{3D}-graphics for iterated integrals",
  journal =      j-MAPLE-TECH-NEWS,
  volume =       "4",
  number =       "1",
  pages =        "92--98",
  month =        "Winter",
  year =         "1997",
  ISSN =         "1061-5733",
  bibdate =      "Wed Jul 23 09:11:50 1997",
  acknowledgement = ack-nhfb,
}

@Article{Giraldo:1997:ODD,
  author =       "Antonio Giraldo",
  title =        "One-dimensional dynamical systems. Dynamical
                 simulations of the transition to {Chaos}",
  journal =      j-MAPLE-TECH-NEWS,
  volume =       "4",
  number =       "1",
  pages =        "99--104",
  month =        "Winter",
  year =         "1997",
  ISSN =         "1061-5733",
  bibdate =      "Wed Jul 23 09:11:50 1997",
  acknowledgement = ack-nhfb,
}

@Article{Aruliah:1997:VFS,
  author =       "D. A. Aruliah",
  title =        "Visualizing the {Frenet-Serret} equations",
  journal =      j-MAPLE-TECH-NEWS,
  volume =       "4",
  number =       "1",
  pages =        "105--110",
  month =        "Winter",
  year =         "1997",
  ISSN =         "1061-5733",
  bibdate =      "Wed Jul 23 09:11:50 1997",
  acknowledgement = ack-nhfb,
}

@Article{Scott:1997:GAa,
  author =       "Tony Scott",
  title =        "Guidelines for Authors",
  journal =      j-MAPLE-TECH-NEWS,
  volume =       "4",
  number =       "1",
  pages =        "111--111",
  month =        "Winter",
  year =         "1997",
  ISSN =         "1061-5733",
  bibdate =      "Fri Apr 10 19:56:52 1998",
  acknowledgement = ack-nhfb,
}

@Article{Herod:1997:NEV,
  author =       "James Herod and Michael Monagan",
  title =        "A Note from the {Editors}: {Vol, 4, No. 2, 1997: Maple
                 in the Physical Sciences}",
  journal =      j-MAPLE-TECH-NEWS,
  volume =       "4",
  number =       "2",
  pages =        "1--1",
  year =         "1997",
  ISSN =         "1061-5733",
  bibdate =      "Fri Apr 10 19:36:31 1998",
  acknowledgement = ack-nhfb,
}

@Article{Gammaitoni:1997:UMA,
  author =       "L. Gammaitoni and M. C. Nucci",
  title =        "Using {Maple} to Analyze a Model for Airborne
                 Contagion",
  journal =      j-MAPLE-TECH-NEWS,
  volume =       "4",
  number =       "2",
  pages =        "2--5",
  year =         "1997",
  ISSN =         "1061-5733",
  bibdate =      "Fri Apr 10 19:36:31 1998",
  acknowledgement = ack-nhfb,
}

@Article{Elliott:1997:MRA,
  author =       "C. J. H. Elliott and J. S. Robinson",
  title =        "Modeling the Rhythmically Active Neuron {R15} of the
                 Mollusc {Aplysia} using {Maple} and {NAG}",
  journal =      j-MAPLE-TECH-NEWS,
  volume =       "4",
  number =       "2",
  pages =        "6--14",
  year =         "1997",
  ISSN =         "1061-5733",
  bibdate =      "Fri Apr 10 19:36:31 1998",
  acknowledgement = ack-nhfb,
}

@Article{Scott:1997:GOF,
  author =       "T. C. Scott and I. P. Grant and M. B. Monagan and V.
                 R. Saunders",
  title =        "Generation of Optimized {FORTRAN} Code for Molecular
                 Integrals of {Gaussian}-Type Functions",
  journal =      j-MAPLE-TECH-NEWS,
  volume =       "4",
  number =       "2",
  pages =        "15--24",
  year =         "1997",
  ISSN =         "1061-5733",
  bibdate =      "Fri Apr 10 19:36:31 1998",
  acknowledgement = ack-nhfb,
}

@Article{Eberhart:1997:MDB,
  author =       "Bernd Eberhart and Andreas Weber",
  title =        "Modeling the Draping Behavior of Woven Cloth",
  journal =      j-MAPLE-TECH-NEWS,
  volume =       "4",
  number =       "2",
  pages =        "25--31",
  year =         "1997",
  ISSN =         "1061-5733",
  bibdate =      "Fri Apr 10 19:36:31 1998",
  acknowledgement = ack-nhfb,
}

@Article{Jegou:1997:UMS,
  author =       "Sophie J{\'e}gou",
  title =        "Using {Maple} for Symbolic Differentiation to Solve
                 Inverse Problems",
  journal =      j-MAPLE-TECH-NEWS,
  volume =       "4",
  number =       "2",
  pages =        "32--40",
  year =         "1997",
  ISSN =         "1061-5733",
  bibdate =      "Fri Apr 10 19:36:31 1998",
  acknowledgement = ack-nhfb,
}

@Article{Bacher:1997:CSN,
  author =       "Rainer Bacher",
  title =        "Combining Symbolic and Numeric Tools for Power System
                 Network Optimization",
  journal =      j-MAPLE-TECH-NEWS,
  volume =       "4",
  number =       "2",
  pages =        "41--51",
  year =         "1997",
  ISSN =         "1061-5733",
  bibdate =      "Fri Apr 10 19:36:31 1998",
  acknowledgement = ack-nhfb,
}

@Article{Murison:1997:ASO,
  author =       "Marc A. Murison",
  title =        "Analytical Study of Optical Wavefront Aberrations
                 Using {Maple}",
  journal =      j-MAPLE-TECH-NEWS,
  volume =       "4",
  number =       "2",
  pages =        "52--62",
  year =         "1997",
  ISSN =         "1061-5733",
  bibdate =      "Fri Apr 10 19:36:31 1998",
  acknowledgement = ack-nhfb,
}

@Article{Scott:1997:AMN,
  author =       "T. C. Scott and M. Trippenbach and Y. B. Band",
  title =        "An Application of {Maple} to Near-Field Optics",
  journal =      j-MAPLE-TECH-NEWS,
  volume =       "4",
  number =       "2",
  pages =        "63--71",
  year =         "1997",
  ISSN =         "1061-5733",
  bibdate =      "Fri Apr 10 19:36:31 1998",
  acknowledgement = ack-nhfb,
}

@Article{Herod:1997:TSD,
  author =       "James V. Herod",
  title =        "Tutorial: Solving Differential Equations Using
                 {Maple}",
  journal =      j-MAPLE-TECH-NEWS,
  volume =       "4",
  number =       "2",
  pages =        "72--77",
  year =         "1997",
  ISSN =         "1061-5733",
  bibdate =      "Fri Apr 10 19:36:31 1998",
  acknowledgement = ack-nhfb,
}

@Article{Agler:1997:RCA,
  author =       "Heather Agler and Aaron Ahearn and Anne Kitchell and
                 Nicole Lopanik and Heather Miller and Matthew Miller
                 and David S. Wethey",
  title =        "Resource Competition in Algae: {A} Class Project in
                 Mathematical Biology",
  journal =      j-MAPLE-TECH-NEWS,
  volume =       "4",
  number =       "2",
  pages =        "78--85",
  year =         "1997",
  ISSN =         "1061-5733",
  bibdate =      "Fri Apr 10 19:36:31 1998",
  acknowledgement = ack-nhfb,
}

@Article{Shahidi:1997:SNT,
  author =       "Reza Shahidi",
  title =        "A Short Note on Trees, Foxes and {Maple}",
  journal =      j-MAPLE-TECH-NEWS,
  volume =       "4",
  number =       "2",
  pages =        "86--92",
  year =         "1997",
  ISSN =         "1061-5733",
  bibdate =      "Fri Apr 10 19:36:31 1998",
  acknowledgement = ack-nhfb,
}

@Article{Enns:1997:NPM,
  author =       "Richard H. Enns and George C. McGuire",
  title =        "Nonlinear Physics with {Maple} for Scientists and
                 Engineers",
  journal =      j-MAPLE-TECH-NEWS,
  volume =       "4",
  number =       "2",
  pages =        "93--99",
  year =         "1997",
  ISSN =         "1061-5733",
  bibdate =      "Fri Apr 10 19:36:31 1998",
  acknowledgement = ack-nhfb,
}

@Article{Ogilvie:1997:SCM,
  author =       "J. F. Ogilvie and M. B. Monagan",
  title =        "Symbolic Computation in Molecular Spectroscopy",
  journal =      j-MAPLE-TECH-NEWS,
  volume =       "4",
  number =       "2",
  pages =        "100--108",
  year =         "1997",
  ISSN =         "1061-5733",
  bibdate =      "Fri Apr 10 19:36:31 1998",
  acknowledgement = ack-nhfb,
}

@Article{Scott:1997:GAb,
  author =       "Tony Scott",
  title =        "Guidelines for Authors",
  journal =      j-MAPLE-TECH-NEWS,
  volume =       "4",
  number =       "2",
  pages =        "109--109",
  year =         "1997",
  ISSN =         "1061-5733",
  bibdate =      "Fri Apr 10 19:36:31 1998",
  acknowledgement = ack-nhfb,
}

%% Were there further issues in volume 4?

%% Missing volume 5 issue 1

@Article{Ogunye:1998:NE,
  author =       "Ayowale B. Ogunye and Tom Casselman",
  title =        "A note from the {Editors}",
  journal =      j-MAPLE-TECH-NEWS,
  volume =       "5",
  number =       "2--3",
  pages =        "1--2",
  year =         "1998",
  ISSN =         "1061-5733",
  bibdate =      "Thu Nov 04 12:06:57 1999",
  acknowledgement = ack-nhfb,
  keywords =     "Maple",
}

@Article{Richardson:1998:CPD,
  author =       "Christina Richardson and Susan Sopher and Robert Petak
                 and Andreas Linninger",
  title =        "Conceptual Process Design using Symbolic and Numerical
                 Computing Techniques",
  journal =      j-MAPLE-TECH-NEWS,
  volume =       "5",
  number =       "2--3",
  pages =        "3--14",
  year =         "1998",
  ISSN =         "1061-5733",
  bibdate =      "Thu Nov 04 12:06:57 1999",
  acknowledgement = ack-nhfb,
  keywords =     "Maple",
}

@Article{Partin:1998:CAA,
  author =       "Lee R. Partin",
  title =        "Combinatorial Analysis Application for Flowsheet
                 Synthesis of Chemical Plants",
  journal =      j-MAPLE-TECH-NEWS,
  volume =       "5",
  number =       "2--3",
  pages =        "15--26",
  year =         "1998",
  ISSN =         "1061-5733",
  bibdate =      "Thu Nov 04 12:06:57 1999",
  acknowledgement = ack-nhfb,
  keywords =     "Maple",
}

@Article{Kam:1998:IMP,
  author =       "Kiew M. Kam and Moses O. Tad{\'e} and Benjamin L. C.
                 To",
  title =        "Implementation of {{\sc Maple}} Procedures for
                 Simulating an Industrial Multi-stage Evaporator",
  journal =      j-MAPLE-TECH-NEWS,
  volume =       "5",
  number =       "2--3",
  pages =        "27--39",
  year =         "1998",
  ISSN =         "1061-5733",
  bibdate =      "Thu Nov 04 12:06:57 1999",
  acknowledgement = ack-nhfb,
  keywords =     "Maple",
}

@Article{Alpers:1998:FME,
  author =       "Burkhard Alpers and Stephan Steeb",
  title =        "Flexible Mechanical Engineering Guidelines --- {A}
                 {Maple}-based Tool for Cam Design",
  journal =      j-MAPLE-TECH-NEWS,
  volume =       "5",
  number =       "2--3",
  pages =        "40--48",
  year =         "1998",
  ISSN =         "1061-5733",
  bibdate =      "Thu Nov 04 12:06:57 1999",
  acknowledgement = ack-nhfb,
  keywords =     "Maple",
}

@Article{Brutti:1998:KAS,
  author =       "Carlo Brutti and Ettori Pennestr{\`\i} and Fabrizio
                 Urbinati",
  title =        "Kinematic Analysis of Spatial Mechanisms by Means of
                 {Maple}",
  journal =      j-MAPLE-TECH-NEWS,
  volume =       "5",
  number =       "2--3",
  pages =        "49--57",
  year =         "1998",
  ISSN =         "1061-5733",
  bibdate =      "Thu Nov 04 12:06:57 1999",
  acknowledgement = ack-nhfb,
  keywords =     "Maple",
}

@Article{Stockie:1998:GIT,
  author =       "John M. Stockie",
  title =        "The Geometry of Intersecting Tubes Applied to
                 Controlling a Robotic Welding Torch",
  journal =      j-MAPLE-TECH-NEWS,
  volume =       "5",
  number =       "2--3",
  pages =        "58--66",
  year =         "1998",
  ISSN =         "1061-5733",
  bibdate =      "Thu Nov 04 12:06:57 1999",
  acknowledgement = ack-nhfb,
  keywords =     "Maple",
}

@Article{Low:1998:SFA,
  author =       "K. H. Low",
  title =        "Symbolic Frequency Analysis of Vibratory Systems by
                 the Optimized {Rayleigh} Method",
  journal =      j-MAPLE-TECH-NEWS,
  volume =       "5",
  number =       "2--3",
  pages =        "67--75",
  year =         "1998",
  ISSN =         "1061-5733",
  bibdate =      "Thu Nov 04 12:06:57 1999",
  acknowledgement = ack-nhfb,
  keywords =     "Maple",
}

@Article{Miller:1998:TPA,
  author =       "John S. Miller and Michael J. Demetsky",
  title =        "Transportation Planning Applications: Using {Maple}
                 for Exploratory Analysis",
  journal =      j-MAPLE-TECH-NEWS,
  volume =       "5",
  number =       "2--3",
  pages =        "76--84",
  year =         "1998",
  ISSN =         "1061-5733",
  bibdate =      "Thu Nov 04 12:06:57 1999",
  acknowledgement = ack-nhfb,
  keywords =     "Maple",
}

@Article{Ogunye:1998:SDT,
  author =       "Ayowale Ogunye",
  title =        "Solution of Discrete-Time Symmetric Matrix
                 {Diophantine} Equations using {Maple V}",
  journal =      j-MAPLE-TECH-NEWS,
  volume =       "5",
  number =       "2--3",
  pages =        "85--94",
  year =         "1998",
  ISSN =         "1061-5733",
  bibdate =      "Thu Nov 04 12:06:57 1999",
  acknowledgement = ack-nhfb,
  keywords =     "Maple",
}

@Article{Lennartsson:1998:GCS,
  author =       "Anders Lennartsson",
  title =        "On the Generation of Code for the Solution of
                 Differential Equations",
  journal =      j-MAPLE-TECH-NEWS,
  volume =       "5",
  number =       "2--3",
  pages =        "95--101",
  year =         "1998",
  ISSN =         "1061-5733",
  bibdate =      "Thu Nov 04 12:06:57 1999",
  acknowledgement = ack-nhfb,
  keywords =     "Maple",
}

@Article{Nagornov:1998:PAP,
  author =       "Oleg V. Nagornov and Nancy E. Quaranta and Marta G.
                 Caligaris and Georgina B. Rodriguez and Robert E.
                 Caligaris",
  title =        "Propagation of Air Pollution in Urban Areas",
  journal =      j-MAPLE-TECH-NEWS,
  volume =       "5",
  number =       "2--3",
  pages =        "102--106",
  year =         "1998",
  ISSN =         "1061-5733",
  bibdate =      "Thu Nov 04 12:06:57 1999",
  acknowledgement = ack-nhfb,
  keywords =     "Maple",
}

@Article{Monagan:1998:STI,
  author =       "M. B. Monagan and M. A. Slawinski",
  title =        "The Sensitivity of Traveltime Inversion for an
                 Anisotropic Parameter in Seismology",
  journal =      j-MAPLE-TECH-NEWS,
  volume =       "5",
  number =       "2--3",
  pages =        "107--116",
  year =         "1998",
  ISSN =         "1061-5733",
  bibdate =      "Thu Nov 04 12:06:57 1999",
  URL =          "http://www.cecm.sfu.ca/CAG/monagan_slawinski.ps.gz",
  acknowledgement = ack-nhfb,
  keywords =     "Maple",
}
