%%% -*-BibTeX-*-
%%% /u/sy/beebe/tex/bib/reduce/redbooks.bib, Fri Nov 16 09:31:49 1990
%%% Edit by Nelson H. F. Beebe <beebe at plot79.math.utah.edu>
%%%
%%% ====================================================================
%%% BibTeX-file{
%%%     author          = "Nelson H. F. Beebe",
%%%     version         = "2.04",
%%%     date            = "07 May 1999",
%%%     time            = "14:03:56 MDT",
%%%     filename        = "redbooks.bib",
%%%     address         = "Center for Scientific Computing
%%%                        University of Utah
%%%                        Department of Mathematics, 322 INSCC
%%%                        155 S 1400 E RM 233
%%%                        Salt Lake City, UT 84112-0090
%%%                        USA",
%%%     telephone       = "+1 801 581 5254",
%%%     FAX             = "+1 801 585 1640, +1 801 581 4148",
%%%     URL             = "http://www.math.utah.edu/~beebe",
%%%     checksum        = "45899 370 1512 13884",
%%%     email           = "beebe at math.utah.edu, beebe at acm.org,
%%%                        beebe at ieee.org (Internet)",
%%%     codetable       = "ISO/ASCII",
%%%     keywords        = "REDUCE",
%%%     supported       = "yes",
%%%     docstring       = "This bibliography covers books and reports
%%%                        about REDUCE.  It is derived from the books
%%%                        file in the reduce-netlib bibliography
%%%                        directory as of 16 November 1990, and
%%%                        augmented with additional material since then.
%%%
%%%                        At version 2.04, the year coverage looked
%%%                        like this:
%%%
%%%                             1987 (  2)     1990 (  1)     1993 (  5)
%%%                             1988 (  3)     1991 (  1)     1994 (  1)
%%%                             1989 (  2)     1992 (  5)
%%%
%%%                             Book:            13
%%%                             InProceedings:    2
%%%                             Proceedings:      2
%%%                             TechReport:       3
%%%
%%%                             Total entries:  20
%%%
%%%                        The checksum field above contains a CRC-16
%%%                        checksum as the first value, followed by the
%%%                        equivalent of the standard UNIX wc (word
%%%                        count) utility output of lines, words, and
%%%                        characters.  This is produced by Robert
%%%                        Solovay's checksum utility."
%%%     }
%%% ====================================================================

@Preamble{"
\ifundefined{emdash}
    \newcommand{\emdash}{\penalty\exhyphenpenalty---\penalty\exhyphenpenalty}
\fi"
}

%%----------------------------------------------------------------------
%% Acknowledgement abbreviations:

@String{ack-nhfb = "Nelson H. F. Beebe,
                    Center for Scientific Computing,
                    University of Utah,
                    Department of Mathematics, 322 INSCC,
                    155 S 1400 E RM 233,
                    Salt Lake City, UT 84112-0090, USA,
                    Tel: +1 801 581 5254,
                    FAX: +1 801 585 1640, +1 801 581 4148,
                    e-mail: \path|beebe@math.utah.edu|,
                            \path|beebe@acm.org|,
                            \path|beebe@ieee.org| (Internet),
                    URL: \path|http://www.math.utah.edu/~beebe/|"}

%%----------------------------------------------------------------------
%% Publisher abbreviations:

@String{pub-AP                  = "Academic Press"}
@String{pub-AP:adr              = "New York, NY, USA"}

@String{pub-CLARENDON           = "Clarendon"}
@String{pub-CLARENDON:adr       = "New York, NY, USA"}

@String{pub-KLUWER              = "Kluwer Academic Publishers Group"}
@String{pub-KLUWER:adr          = "Norwell, MA, USA, and Dordrecht,
                                  The Netherlands"}

@String{pub-SV                  = "Spring{\-}er-Ver{\-}lag"}
@String{pub-SV:adr              = "Berlin, Germany~/ Heidelberg,
                                  Germany~/ London, UK~/ etc."}

@String{pub-WORLD-SCI           = "World Scientific Publishing
                                  Co. Pte. Ltd."}
@String{pub-WORLD-SCI:adr       = "P. O. Box 128, Farrer Road,
                                  Singapore 9128"}

%%----------------------------------------------------------------------
%% Bibliography entries:

@Book{Brackx:1992:CAL,
  author =       "F. Brackx and D. Constales",
  title =        "Computer algebra with {LISP} and {REDUCE:} an
                 introduction to computer-aided pure mathematics",
  publisher =    pub-KLUWER,
  address =      pub-KLUWER:adr,
  pages =        "xi + 264",
  year =         "1992",
  ISBN =         "0-7923-1441-7",
  LCCN =         "QA155.7.E4 B72 199",
  acknowledgement = ack-nhfb,
  bibdate =      "Wed Feb 15 14:23:35 1995",
}

@Book{Davenport:1988:CAS,
  author =       "J. H. Davenport and Y. Siret and E. Tournier",
  title =        "Computer Algebra, Systems and Algorithms for Algebraic
                 Computation",
  publisher =    pub-AP,
  address =      pub-AP:adr,
  pages =        "xix + 267",
  year =         "1988",
  ISBN =         "0-12-204230-1",
  LCCN =         "QA155.7.E4 D39 1988",
  bibdate =      "Wed Feb 15 14:27:34 1995",
}

@Book{Davenport:1993:CAS,
  author =       "J. H. Davenport and Y. Siret and E. Tournier",
  title =        "Computer Algebra, Systems and Algorithms for Algebraic
                 Computation",
  publisher =    pub-AP,
  address =      pub-AP:adr,
  edition =      "Second",
  pages =        "??",
  year =         "1993",
  ISBN =         "0-12-204230-1",
  note =         "Translated from the French by A. Davenport and J. H.
                 Davenport. Also available in French and Russian.",
  acknowledgement = ack-nhfb,
  bibdate =      "Wed Feb 15 14:25:34 1995",
}

@TechReport{Flatau:1988:SAA,
  author =       "Piotr J. Flatau and John P. Boyd and William R.
                 Cotton",
  title =        "Symbolic Algebra in Applied Mathematics and
                 Geophysical Fluid Dynamics\emdash {REDUCE} Examples",
  number =       "Version 1.1",
  institution =  "Department of Atmospheric Science, Colorado State
                 University",
  address =      "Fort Collins, CO 80521, USA",
  year =         "1988",
}

@TechReport{Hearn:1987:RUM,
  author =       "Anthony C. Hearn",
  title =        "{REDUCE User's Manual, Version 3.3}",
  number =       "CP 78",
  institution =  "Rand Corporation",
  address =      "Santa Monica, CA, USA",
  month =        jul,
  year =         "1987",
  note =         "Also available in a Japanese translation by Hiroshi
                 Toshima from McGraw Hill Japan, 1988.",
}

@TechReport{Hearn:1993:RUM,
  author =       "Anthony C. Hearn",
  title =        "{REDUCE User's Manual, Version 3.5}",
  number =       "CP 78",
  institution =  "Rand Corporation",
  address =      "Santa Monica, CA, USA",
  month =        oct,
  year =         "1993",
  note =         "Also available in a Japanese translation by Hiroshi
                 Toshima from McGraw Hill Japan, 1988.",
}

@Book{Hehl:1992:CAK,
  author =       "F. W. Hehl and V. Winkelmann and H. Meyer",
  title =        "{Computer-Algebra. Ein Kompaktkurs {\"u}ber die
                 Anwendung von REDUCE}",
  publisher =    pub-SV,
  address =      pub-SV:adr,
  pages =        "??",
  year =         "1992",
  ISBN =         "3-540-55724-5",
  acknowledgement = ack-nhfb,
  bibdate =      "Wed Feb 15 14:28:42 1995",
}

@Book{Hirota:1989:IRD,
  author =       "Ryogo Hirota and Masaaki Ito",
  title =        "Introduction to {REDUCE} --- Doing Symbolic
                 Computation on {PC}",
  publisher =    "Science sha",
  address =      "Tokyo, Japan",
  month =        jun,
  year =         "1989",
  note =         "In Japanese.",
  bibdate =      "Wed Feb 15 14:30:44 1995",
}

@Proceedings{MacCallum:1991:ACR,
  editor =       "Malcolm A. H. MacCallum and Francis J. Wright",
  title =        "Algebraic computing with {REDUCE} : lecture notes from
                 the First Brazilian School on Computer Algebra",
  publisher =    pub-CLARENDON,
  address =      pub-CLARENDON:adr,
  pages =        "xx + 294",
  year =         "1991",
  ISBN =         "0-19-853444-2 (hard cover), 0-19-853443-4
                 (paperback)",
  LCCN =         "QA155.7.E4 B73 1989",
  acknowledgement = ack-nhfb,
  bibdate =      "Wed Feb 15 14:31:51 1995",
}

@Book{Marti:1993:REA,
  author =       "Jed B. Marti",
  title =        "{RLISP} '88: An Evolutionary Approach to Program
                 Design and Reuse",
  publisher =    pub-WORLD-SCI,
  address =      pub-WORLD-SCI:adr,
  pages =        "xiii + 254",
  year =         "1993",
  ISBN =         "981-02-1479-0",
  LCCN =         "QA76.3.L23 M3 1993",
  acknowledgement = ack-nhfb,
  bibdate =      "Wed Feb 15 16:06:09 1995",
}

@Book{Nakamura:1989:SCS,
  author =       "Hideharu Nakamura and Shouichi Matsui",
  title =        "Symbolic Computation in Structural Mechanics using
                 {REDUCE}",
  publisher =    "Gihodo Shuppan",
  address =      "Tokyo, Japan",
  year =         "1989",
  note =         "In Japanese.",
}

@Book{Ochiai:1990:LAU,
  author =       "Mitsuyuki Ochiai and Kiyokazu Nagatomo",
  title =        "Linear Algebra using {REDUCE}",
  publisher =    "Kindai Kagaku sha",
  month =        jan,
  year =         "1990",
  note =         "In Japanese.",
}

@Book{Rayna:1987:RSA,
  author =       "Gerhard Rayna",
  title =        "{REDUCE}\emdash Software for Algebraic Computation",
  publisher =    pub-SV,
  address =      pub-SV:adr,
  pages =        "ix + 329",
  year =         "1987",
  ISBN =         "0-387-96598-X (New York), 3-540-96598-X (Berlin)",
  LCCN =         "QA155.7.E4 R39 1987",
  acknowledgement = ack-nhfb,
  bibdate =      "Wed Feb 15 15:34:33 1995",
}

@Book{Steeb:1992:CFA,
  author =       "Willi-Hans Steeb and Michael Antonie van Wyk",
  title =        "Chaos and Fractals: Algorithms and Computations",
  publisher =    "BI-Wissenschaftsverlag",
  address =      "Mannheim, Germany",
  pages =        "177",
  year =         "1992",
  ISBN =         "3-411-15961-8",
  LCCN =         "QA614.86 .S73 1992",
  note =         "This book includes 26 Turbo C and C++, 47 Turbo
                 PASCAL, and 23 REDUCE programs.",
  acknowledgement = ack-nhfb,
  bibdate =      "Wed Feb 15 15:34:54 1995",
}

@Book{Steeb:1992:ACR,
  author =       "Willi-Hans Steeb and Dirk Lewien",
  title =        "Algorithms and Computation with {REDUCE}",
  publisher =    "BI-Wissenschaftsverlag",
  address =      "Mannheim, Germany",
  pages =        "153",
  year =         "1992",
  ISBN =         "3-411-15651-1",
  note =         "This book gives a collection of 75 standard methods in
                 mathematics, physics and engineering together with
                 their programs in REDUCE 3.4. Each item consists of a
                 one page mathematical description and one page REDUCE
                 algebraic source text (in most cases a few lines only).
                 The book is an introduction by example to algebraic
                 programming in REDUCE and a collection of ready to use
                 solutions for many mathematical subtasks.",
  acknowledgement = ack-nhfb,
  bibdate =      "Wed Feb 15 16:00:31 1995",
}

@Book{Steeb:1994:QMU,
  author =       "Willi-Hans Steeb",
  title =        "Quantum mechanics using computer algebra: includes
                 sample programs for {REDUCE}, {MAPLE}, {MATHEMATICA}
                 and {C++}",
  publisher =    pub-WORLD-SCI,
  address =      pub-WORLD-SCI:adr,
  pages =        "viii + 189",
  year =         "1994",
  ISBN =         "981-02-1770-6",
  LCCN =         "QC174.17.D37 S74 1994",
  acknowledgement = ack-nhfb,
  bibdate =      "Wed Feb 15 15:58:54 1995",
}

@Book{Ueberberg:1992:ECR,
  author =       "Johannes Ueberberg",
  title =        "Einfuehrung in die Computeralgebra mit {REDUCE}",
  publisher =    "BI-Wissenschaftsverlag",
  address =      "Mannheim, Germany",
  year =         "1992",
  ISBN =         "3-411-15781-X",
  LCCN =         "",
  acknowledgement = ack-nhfb,
  bibdate =      "Wed Feb 15 16:02:34 1995",
  OPTpages =     "",
}

@InProceedings{Winkelmann:1988:RBS,
  author =       "Volker Winkelmann and Friedrich W. Hehl",
  editor =       "D. Stauffer and F. W. Hehl and V. Winkelmann and J. G.
                 Zabolitzky",
  booktitle =    "Computer Simulation and Computer Algebra. Lectures for
                 Beginners",
  title =        "{REDUCE for Beginners, Six Lectures on the Application
                 of Computer Algebra}",
  publisher =    pub-SV,
  address =      pub-SV:adr,
  year =         "1988",
  ISBN =         "0-387-96598-X (New York), 3-540-96598-X (Berlin)",
}

@InProceedings{Winkelmann:1993:RBS,
  author =       "Volker Winkelmann and Friedrich W. Hehl",
  title =        "{REDUCE for Beginners, Six Lectures on the Application
                 of Computer Algebra}",
  crossref =     "Stauffer:1993:CSC",
  pages =        "??--??",
  year =         "1993",
  acknowledgement = ack-nhfb,
  bibdate =      "Wed Feb 15 16:05:40 1995",
}

@Proceedings{Stauffer:1993:CSC,
  editor =       "D. Stauffer and F. W. Hehl and V. Winkelmann and J. G.
                 Zabolitzky",
  title =        "Computer Simulation and Computer Algebra. Lectures for
                 Beginners",
  publisher =    pub-SV,
  address =      pub-SV:adr,
  edition =      "Third",
  pages =        "x + 287",
  year =         "1993",
  ISBN =         "0-387-56530-2 (New York), 3-540-56530-2 (Berlin)",
  LCCN =         "QA76.9.C65 C656 1993",
  acknowledgement = ack-nhfb,
  bibdate =      "Wed Feb 15 17:13:14 1995",
}
