% This file is intentionally empty; the Reduce bibliography is found in
% the files red-a-f.bib, red-g-l.bib, and red-m-z.bib.  This file is
% needed to trick the make utility into running.

